3008 5160
224 198 251 285 6
553 220 924 285 novronrusorts

135 352 367 439 Proximus
384 364 446 430 est
462 359 539 431 ae’r
552 346 622 429 illi
635 348 815 440 levitate,
834 347 1030 458 locoque,-

135 465 324 553 Densior
338 460 404 544 tis
423 462 569 568 tellus,
590 458 869 573 elementaque
885 454 1073 573 grandia
1090 452 1258 548 traxit,

135 578 201 664 Et
214 604 362 686 pressa
380 592 442 656 est
489 574 664 657 revitate
681 576 751 659 sui
761 618 774 663 .-
792 571 1063 688 circumfluus
1082 572 1234 654 hurnor
1298 564 1346 652 30

140 689 303 775 Ultima
316 716 442 799 posse
473 689 527 780 it,
545 685 806 801 solidumque
825 688 1011 772 coercuit
1030 687 1178 769 orbem.

137 804 227 910 Sic,
249 804 321 884 ubi
335 800 609 911 dispositam,
628 803 817 915 quisquis
825 802 917 911 ficit
935 800 1008 882 ille
1028 798 1235 886 Deorum,

140 914 382 1031 Cougen'em
399 917 551 1008 secuit,
569 932 807 1028 sectamque
825 917 871 996 in
888 914 1068 994 ammhra
1080 907 1274 1024 redegit;

136 1030 352 1139 Principio
370 1045 542 1121 terrm,
560 1056 612 1107 ue
632 1055 714 1109 nou
732 1026 921 1140 aequalis
941 1029 995 1109 ab
1015 1024 1130 1109 omni

136 1143 264 1226 Parte
272 1145 405 1251 foret,
422 1142 572 1257 magni
586 1141 763 1248 speciem
779 1140 1025 1254 glomeravit
1042 1140 1086 1218 ia
1105 1136 1236 1218 orbis.
1300 1125 1349 1214 35

138 1256 245 1341 Tum
253 1256 372 1365 freta
389 1250 598 1365 diffundi,
617 1250 856 1367 rapidisque
874 1270 1098 1336 tumescere
1114 1250 1251 1333 ventis

138 1369 290 1474 Jussit‚
312 1384 352 1447 et
369 1368 551 1449 ambitae
568 1364 830 1449 circumdare
848 1368 991 1451 littora
1008 1384 1155 1446 terrae.

138 1478 329 1565 Addidit
346 1497 387 1560 et
395 1480 567 1588 fontes,
585 1494 626 1558 et
643 1493 800 1590 stagna
818 1482 1038 1572 immensa,
1057 1480 1286 1586 lacusque,-

139 1593 419 1704 Flumiuaquc
437 1591 615 1703 obliquis
634 1590 775 1672 citarit
794 1590 973 1677 declivia
990 1594 1115 1700 ripis,

145 1706 265 1818 Quae
283 1704 447 1787 diversa
466 1704 573 1787 locis
586 1705 742 1815 partim
760 1705 976 1789 sorbentur
990 1707 1044 1787 ab
1057 1707 1166 1814 ipsa,·
1306 1704 1354 1807 4⁰

140 1821 195 1903 In
213 1848 325 1899 mare
338 1819 581 1926 perveniunt
593 1819 771 1929 partim·
790 1846 1017 1931 cauqroque
1035 1830 1205 1925 recepta
1247 1808 1252 1817 ’
1306 1924 1310 1929 ¹

138 1931 364 2016 Liberioris
381 1962 537 2043 aquae,
551 1960 631 2042 pro
648 1931 752 2039 ripis
770 1930 914 2014 littora
926 1933 1116 2039 pulsant.

208 3397 254 3449 30.
267 3391 456 3449 Circumlluus
467 3390 577 3447 humor.
590 3392 675 3468 Aqua
688 3391 815 3449 ultimum
822 3403 866 3450 est
877 3394 1092 3459 elementorum,
1103 3401 1249 3469 quatenus
1259 3407 1368 3455 terram

145 3488 237 3563 cingit
257 3497 287 3542 et
305 3485 411 3541 arabit:
432 3504 490 3541 aaa
507 3494 605 3541 autem
625 3484 724 3541 habita
743 3491 858 3542 ratione
876 3489 967 3543 centri
975 3526 986 3553 ,
1003 3488 1051 3543 cui
1070 3488 1189 3542 vicinior
1209 3496 1303 3547 tm.
1371 3524 1374 3531 ·

206 3578 268 3632 ra.
289 3578 326 3632 11.
347 3579 415 3652 Arg.
441 3578 489 3630 Sic
514 3576 563 3631 ubi
586 3574 764 3651 dispositam.
784 3577 917 3654 separata
938 3582 995 3657 jam
1016 3591 1092 3635 terra
1113 3588 1174 3632 erat
1200 3577 1216 3632 l
1246 3580 1369 3639 caeteris

146 3670 308 3727 elementis:
328 3668 378 3726 sed
398 3670 482 3725 homo
499 3667 628 3725 nondum
648 3681 746 3734 natus,
765 3670 852 3748 ipsius
871 3683 963 3729 terrae
977 3670 1072 3729 cultor
1091 3670 1206 3729 saturus
1227 3685 1258 3729 et
1278 3672 1371 3743 domi·

147 3780 212 3817 nus.
240 3761 340 3836 Itaque
361 3758 547 3816 Prometheus
572 3757 678 3843 lapetis
700 3758 772 3817 filine
797 3773 899 3818 terrem
925 3762 1015 3819 imbre
1039 3760 1178 3827 mollivit,
1198 3774 1230 3818 et
1258 3784 1296 3820 ex
1317 3764 1370 3821 lua

146 3853 293 3911 hominem
304 3853 340 3909 nd
353 3853 407 3909 Dei
419 3853 633 3912 similitudinem
652 3864 682 3910 et
701 3854 851 3931 imeginem
871 3854 963 3925 finxit3
982 3858 1065 3932 eujus
1083 3854 1172 3910 saciet
1188 3874 1250 3911 non
1269 3876 1370 3935 prom,

148 3956 182 4000 ut
202 3946 320 4001 caeteris
340 3941 509 4001 animalibus
529 3958 604 4003 esset
623 3945 653 4002 in
675 3957 792 4015 terram
811 3948 862 4003 sed
881 3947 991 4005 caelum
1011 3954 1153 4024 spectaret
1171 3959 1280 4005 erecte.

210 4041 255 4108 39.
276 4037 410 4113 obliquis
429 4037 504 4115 ripis.
527 4039 624 4094 Fluvii
636 4050 773 4097 naturam
793 4041 892 4117 lapsus
911 4043 1050 4117 anguium
1070 4039 1254 4114 exprimunt,
1273 4050 1306 4097 et
1324 4044 1370 4099 ita

148 4134 230 4206 ripas
250 4132 380 4208 obliquas
403 4130 543 4205 efficiunt.
562 4134 637 4187 Hiuc
656 4136 706 4190 Dii
716 4132 873 4209 fluviorum
903 4131 1069 4210 praesides,
1091 4138 1211 4205 propter
1230 4134 1368 4207 riparum

151 4222 356 4297 alveorumque
375 4226 534 4279 curvitate:
545 4221 712 4301 flexusque,
730 4225 773 4281 ad
790 4242 926 4280 cornuum
948 4226 1130 4280 taurinorum
1148 4219 1371 4285 similitudinem

147 4312 260 4370 cornuti
271 4313 469 4390 fingebantur.
490 4313 570 4374 Vide
590 4317 706 4374 Hieron.
725 4320 860 4395 Magium
877 4317 962 4390 titt
996 4332 1099 4389 capa
1131 4310 1259 4368 trouu.
1350 4354 1353 4359 .
