3038 5154
235 272 319 382 346
572 300 608 360 ι».
628 298 755 359 ovmn
774 297 941 359 sisoius

147 417 293 501 Prima
299 415 400 526 fide
418 419 608 529 uocisque
625 435 740 499 ratae
759 417 986 498 tentamina
1003 419 1151 499 sumsit

151 529 328 616 Coerzcla
345 530 532 643 Liriope:
551 559 674 642 quam
692 528 902 642 quondam
905 527 1090 642 flumine
1107 558 1244 612 curua

144 645 376 754 Implicuit;
395 644 644 756 clausaeque
660 646 750 724 suis
772 640 967 750 Cephisos
985 645 1031 723 iu
1044 641 1173 724 taedis

150 759 246 846 Vim
265 757 372 840 tulit.
390 756 435 840 E
435 758 543 838 nica
561 775 623 839 est
641 772 754 838 utero
766 755 1046 866 pulcherrima
1059 755 1190 865 pleno
1282 754 1358 864 344

145 871 373 978 Infantem,
391 868 600 983 Nymphis
610 869 704 982 jam
722 885 822 950 tunc
842 869 915 979 qui
925 885 1067 976 posset
1083 867 1246 975 amari,
1357 929 1362 938 .

146 980 474 1093 Narcissumque
491 999 621 1067 uocat.
640 981 710 1064 De
727 1008 809 1094 quo
826 981 1066 1088 consultus,
1087 1009 1146 1060 an
1165 997 1273 1062 esset

146 1094 347 1203 Tempora
365 1111 550 1176 maturae
567 1097 728 1177 visunts
747 1095 876 1204 ionga
893 1109 1105 1185 senectae,

147 1204 194 1291 F
187 1203 371 1290 atidicus
388 1224 518 1293 vates:
536 1207 585 1290 Si
600 1234 745 1289 senon
764 1206 947 1301 noverit,
967 1206 1115 1313 inquit.

151 1318 276 1406 Vana
294 1316 369 1401 diu
386 1320 474 1403 uisa
491 1335 553 1401 est
569 1346 663 1401 voc
678 1319 867 1432 auguris.
887 1316 1052 1400 Exitus
1069 1318 1208 1407 illam,
1283 1316 1358 1436 349

147 1431 305 1542 Resque
316 1432 489 1542 probat,
507 1431 657 1542 letique
671 1457 825 1544 genus,
844 1431 1082 1540 novitasque
1088 1431 1269 1538 suroris.

200 3459 262 3526 341.
282 3451 422 3528 vocisque
442 3464 527 3509 rates.
550 3457 710 3512 concessae
728 3457 806 3512 artis
828 3454 1013 3511 vaticinandi.

199 3548 263 3615 342.
282 3542 402 3619 Liriope.
424 3545 585 3618 congruum
605 3545 736 3602 Narcissi
755 3547 848 3600 matri
867 3564 978 3600 nomen.
998 3530 1061 3608 ἆπό
1074 3537 1117 3604 rit
1141 3539 1252 3634 >seq-iu,
1270 3569 1290 3603 a
1309 3549 1371 3604 otto.

147 3632 266 3694 Caerula
287 3632 407 3710 Liriope.
426 3633 557 3690 Narcissi
575 3636 604 3688 in
617 3635 724 3708 florem
743 3633 872 3710 ejusdem
902 3636 1025 3691 nominis
1054 3640 1245 3693 mutationem
1272 3639 1374 3713 referre

147 3727 245 3799 incipit
264 3724 362 3798 poi'to.
381 3722 457 3779 Nom
477 3725 592 3799 hiriepe
612 3725 738 3800 nympha
758 3727 867 3780 Oceani
885 3742 922 3780 aa
942 3724 1069 3800 Tethyos
1083 3726 1176 3800 fitia,
1208 3751 1228 3784 a
1261 3729 1373 3802 Cephiso

136 3814 232 3888 sturio
252 3813 387 3869 Boeotiae
406 3832 593 3887 compressa,
612 3815 781 3873 Narcissum
801 3816 935 3890 peperit,
955 3834 1038 3889 quem
1059 3818 1188 3874 Tiresias
1202 3820 1373 3875 consuitusa

151 3916 263 3970 matre,
281 3901 323 3960 ad
342 3912 484 3959 maturam
505 3916 676 3962 senectutem
696 3915 919 3981 perventurum,
949 3912 1021 3969 sise
1039 3925 1094 3962 non
1125 3923 1249 3978 nasset,
1268 3911 1373 3986 praedi-

144 4002 195 4052 ait.
218 3995 254 4050 iri
272 3994 342 4050 vert)
361 4013 424 4049 cum
444 3998 609 4073 ambiguum
628 4000 792 4065 videretur,
815 4002 894 4055 exitu
916 4003 1031 4059 tandem
1044 4001 1107 4077 suit
1128 4009 1348 4080 comprobatam.

203 4088 265 4154 34⁶.
287 4083 512 4158 Narcissumque·
534 4077 650 4146 A'nitt‘t
673 4087 887 4179 sapeiuquod
898 4104 1056 4149 mamescat
1070 4099 1142 4162 cito,
1163 4103 1188 4153 si
1205 4101 1310 4174 floren
1334 4111 1371 4148 nt·

148 4175 273 4249 spicias;
286 4173 311 4226 si
329 4191 466 4245 puerum,
485 4175 564 4248 quod
583 4195 636 4232 sua
655 4177 797 4236 desiderio
816 4183 960 4240 marcidus
980 4190 1131 4260 torpuerit.

206 4265 269 4331 348.
289 4259 319 4316 si
338 4280 367 4317 se
388 4281 446 4318 non
467 4265 591 4321 noverit.
624 4270 686 4323 Hoc
705 4279 767 4337 est,
788 4276 814 4328 si
844 4292 995 4352 numquam
1027 4295 1110 4333 suam
1140 4279 1370 4354 pulchritudinem

149 4356 318 4430 cognouerit.
