<?xml version="1.0" encoding="UTF-8"?>
<!DOCTYPE html PUBLIC "-//W3C//DTD XHTML 1.0 Transitional//EN"
    "http://www.w3.org/TR/xhtml1/DTD/xhtml1-transitional.dtd">
<html xmlns="http://www.w3.org/1999/xhtml" xml:lang="en" lang="en">
 <head>
  <title>
</title>
<meta http-equiv="Content-Type" content="text/html;charset=utf-8" />
  <meta name='ocr-system' content='tesseract 3.04.00' />
  <meta name='ocr-capabilities' content='ocr_page ocr_carea ocr_par ocr_line ocrx_word'/>
</head>
<body>
  <div class='ocr_page' id='page_1' title='image "./povidiinasonism03angugoog_0160.png"; bbox 0 0 3008 5160; ppageno 0'>
   <div class='ocr_carea' id='block_1_1' title="bbox 294 275 1094 543">
    <p class='ocr_par' dir='ltr' id='par_1_1' title="bbox 294 275 1094 543">
     <span class='ocr_line' id='line_1_1' title="bbox 294 275 1094 543; baseline 0 -5"><span class='ocrx_word' id='word_1_1' title='bbox 294 275 321 373; x_wconf 60' lang='grc'>4</span> <span class='ocrx_word' id='word_1_2' title='bbox 438 432 492 538; x_wconf 92' lang='grc' dir='ltr'>Ρ.</span> <span class='ocrx_word' id='word_1_3' title='bbox 533 429 754 542; x_wconf 88' lang='lat' dir='ltr'><strong>OVIDII</strong></span> <span class='ocrx_word' id='word_1_4' title='bbox 792 427 1094 543; x_wconf 82' lang='lat' dir='ltr'><strong>NASONIS</strong></span> 
     </span>
    </p>
   </div>
   <div class='ocr_carea' id='block_1_2' title="bbox 242 678 1272 836">
    <p class='ocr_par' dir='ltr' id='par_1_2' title="bbox 242 678 1272 836">
     <span class='ocr_line' id='line_1_2' title="bbox 242 678 1272 836; baseline 0.004 -4"><span class='ocrx_word' id='word_1_5' title='bbox 242 678 1272 836; x_wconf 86' lang='lat' dir='ltr'><strong>METAMORPHOSEON</strong></span> 
     </span>
    </p>
   </div>
   <div class='ocr_carea' id='block_1_3' title="bbox 379 965 1136 1052">
    <p class='ocr_par' dir='ltr' id='par_1_3' title="bbox 379 965 1136 1052">
     <span class='ocr_line' id='line_1_3' title="bbox 379 965 1136 1052; baseline 0.004 -4"><span class='ocrx_word' id='word_1_6' title='bbox 379 966 630 1052; x_wconf 83' lang='lat' dir='ltr'><em>LIBER</em></span> <span class='ocrx_word' id='word_1_7' title='bbox 674 965 1136 1052; x_wconf 88' lang='lat' dir='ltr'><em>SECUNDUS.</em></span> 
     </span>
    </p>
   </div>
   <div class='ocr_carea' id='block_1_4' title="bbox 583 1193 925 1266">
    <p class='ocr_par' dir='ltr' id='par_1_4' title="bbox 583 1193 925 1266">
     <span class='ocr_line' id='line_1_4' title="bbox 583 1193 925 1266; baseline 0.003 -3"><span class='ocrx_word' id='word_1_8' title='bbox 583 1193 925 1266; x_wconf 72' lang='lat' dir='ltr'>stuoests</span> 
     </span>
    </p>
   </div>
   <div class='ocr_carea' id='block_1_5' title="bbox 110 1369 1360 1992">
    <p class='ocr_par' dir='ltr' id='par_1_5' title="bbox 110 1369 1360 1992">
     <span class='ocr_line' id='line_1_5' title="bbox 212 1369 1360 1541; baseline 0.006 -32"><span class='ocrx_word' id='word_1_9' title='bbox 212 1369 445 1516; x_wconf 72' lang='lat' dir='ltr'><strong>Phaethon</strong></span> <span class='ocrx_word' id='word_1_10' title='bbox 478 1425 585 1510; x_wconf 81' lang='lat' dir='ltr'>caelo</span> <span class='ocrx_word' id='word_1_11' title='bbox 605 1422 797 1537; x_wconf 81' lang='lat' dir='ltr'>dejectus:</span> <span class='ocrx_word' id='word_1_12' title='bbox 819 1429 904 1537; x_wconf 85' lang='lat' dir='ltr'>ejus</span> <span class='ocrx_word' id='word_1_13' title='bbox 924 1428 1082 1509; x_wconf 84' lang='lat' dir='ltr'>Sorores</span> <span class='ocrx_word' id='word_1_14' title='bbox 1115 1431 1156 1509; x_wconf 88' lang='lat' dir='ltr'>in</span> <span class='ocrx_word' id='word_1_15' title='bbox 1188 1431 1360 1541; x_wconf 89' lang='lat' dir='ltr'>populos</span> 
     </span>
     <span class='ocr_line' id='line_1_6' title="bbox 153 1537 1360 1648; baseline 0.006 -26"><span class='ocrx_word' id='word_1_16' title='bbox 153 1562 351 1623; x_wconf 82' lang='lat' dir='ltr'>mutatae:</span> <span class='ocrx_word' id='word_1_17' title='bbox 371 1537 531 1648; x_wconf 90' lang='lat' dir='ltr'>Cycnus</span> <span class='ocrx_word' id='word_1_18' title='bbox 550 1539 592 1620; x_wconf 91' lang='lat' dir='ltr'>in</span> <span class='ocrx_word' id='word_1_19' title='bbox 612 1538 786 1622; x_wconf 86' lang='lat' dir='ltr'>olorem:</span> <span class='ocrx_word' id='word_1_20' title='bbox 807 1538 954 1623; x_wconf 83' lang='lat' dir='ltr'>Calisto</span> <span class='ocrx_word' id='word_1_21' title='bbox 974 1542 1015 1620; x_wconf 87' lang='lat' dir='ltr'>in</span> <span class='ocrx_word' id='word_1_22' title='bbox 1037 1571 1186 1623; x_wconf 77' lang='lat' dir='ltr'>ursam:</span> <span class='ocrx_word' id='word_1_23' title='bbox 1208 1543 1360 1630; x_wconf 82' lang='lat' dir='ltr'>Corvus</span> 
     </span>
     <span class='ocr_line' id='line_1_7' title="bbox 153 1650 1358 1768; baseline 0.006 -34"><span class='ocrx_word' id='word_1_24' title='bbox 153 1682 201 1734; x_wconf 84' lang='lat' dir='ltr'>ex</span> <span class='ocrx_word' id='word_1_25' title='bbox 232 1650 379 1733; x_wconf 82' lang='lat' dir='ltr'>alboin</span> <span class='ocrx_word' id='word_1_26' title='bbox 399 1651 576 1763; x_wconf 85' lang='lat' dir='ltr'>nigrum:</span> <span class='ocrx_word' id='word_1_27' title='bbox 596 1650 754 1762; x_wconf 59' lang='lat' dir='ltr'>Ocproe&#39;</span> <span class='ocrx_word' id='word_1_28' title='bbox 769 1655 810 1735; x_wconf 89' lang='lat' dir='ltr'>in</span> <span class='ocrx_word' id='word_1_29' title='bbox 826 1683 992 1764; x_wconf 83' lang='lat' dir='ltr'>equam:</span> <span class='ocrx_word' id='word_1_30' title='bbox 1006 1655 1154 1764; x_wconf 79' lang='lat' dir='ltr'>Apollo</span> <span class='ocrx_word' id='word_1_31' title='bbox 1169 1656 1209 1735; x_wconf 86' lang='lat' dir='ltr'>in</span> <span class='ocrx_word' id='word_1_32' title='bbox 1225 1683 1358 1768; x_wconf 84' lang='lat' dir='ltr'>posto-</span> 
     </span>
     <span class='ocr_line' id='line_1_8' title="bbox 110 1764 1357 1878; baseline 0.005 -30"><span class='ocrx_word' id='word_1_33' title='bbox 110 1765 249 1848; x_wconf 78' lang='lat' dir='ltr'>‘&#39;rem.</span> <span class='ocrx_word' id='word_1_34' title='bbox 283 1765 437 1865; x_wconf 86' lang='lat' dir='ltr'>Battus,</span> <span class='ocrx_word' id='word_1_35' title='bbox 462 1790 501 1847; x_wconf 83' lang='lat' dir='ltr'>et</span> <span class='ocrx_word' id='word_1_36' title='bbox 519 1764 712 1875; x_wconf 85' lang='lat' dir='ltr'>Agraulos</span> <span class='ocrx_word' id='word_1_37' title='bbox 739 1769 780 1848; x_wconf 90' lang='lat' dir='ltr'>in</span> <span class='ocrx_word' id='word_1_38' title='bbox 806 1765 982 1876; x_wconf 82' lang='lat' dir='ltr'>lapides:</span> <span class='ocrx_word' id='word_1_39' title='bbox 1007 1765 1161 1878; x_wconf 86' lang='lat' dir='ltr'>Jupiter</span> <span class='ocrx_word' id='word_1_40' title='bbox 1195 1771 1234 1850; x_wconf 87' lang='lat' dir='ltr'>in</span> <span class='ocrx_word' id='word_1_41' title='bbox 1268 1795 1357 1853; x_wconf 81' lang='lat' dir='ltr'>tou-</span> 
     </span>
     <span class='ocr_line' id='line_1_9' title="bbox 151 1875 941 1992; baseline 0 -32"><span class='ocrx_word' id='word_1_42' title='bbox 151 1907 256 1964; x_wconf 90' lang='lat' dir='ltr'>rum.</span> <span class='ocrx_word' id='word_1_43' title='bbox 275 1875 448 1961; x_wconf 79' lang='lat' dir='ltr'>Invidiae</span> <span class='ocrx_word' id='word_1_44' title='bbox 466 1876 623 1963; x_wconf 88' lang='lat' dir='ltr'>domus.</span> <span class='ocrx_word' id='word_1_45' title='bbox 641 1877 803 1992; x_wconf 89' lang='lat' dir='ltr'>Europa</span> <span class='ocrx_word' id='word_1_46' title='bbox 821 1904 941 1991; x_wconf 81' lang='lat' dir='ltr'>rapta.</span> 
     </span>
    </p>
   </div>
   <div class='ocr_carea' id='block_1_6' title="bbox 154 2495 1303 2876">
    <p class='ocr_par' dir='ltr' id='par_1_6' title="bbox 154 2495 1303 2876">
     <span class='ocr_line' id='line_1_10' title="bbox 208 2495 1211 2648; baseline -0.005 -26"><span class='ocrx_word' id='word_1_47' title='bbox 208 2495 368 2648; x_wconf 73' lang='lat' dir='ltr'>Regia</span> <span class='ocrx_word' id='word_1_48' title='bbox 385 2533 497 2618; x_wconf 84' lang='lat' dir='ltr'>Solis</span> <span class='ocrx_word' id='word_1_49' title='bbox 513 2549 601 2618; x_wconf 86' lang='lat' dir='ltr'>erat</span> <span class='ocrx_word' id='word_1_50' title='bbox 617 2530 858 2619; x_wconf 80' lang='lat' dir='ltr'><em>sublimibus</em></span> <span class='ocrx_word' id='word_1_51' title='bbox 876 2534 964 2617; x_wconf 87' lang='lat' dir='ltr'>alta</span> <span class='ocrx_word' id='word_1_52' title='bbox 983 2536 1211 2628; x_wconf 84' lang='lat' dir='ltr'>columnis,</span> 
     </span>
     <span class='ocr_line' id='line_1_11' title="bbox 154 2645 1303 2763; baseline 0.005 -33"><span class='ocrx_word' id='word_1_53' title='bbox 154 2645 281 2730; x_wconf 84' lang='lat' dir='ltr'>Clara</span> <span class='ocrx_word' id='word_1_54' title='bbox 298 2651 478 2731; x_wconf 82' lang='lat' dir='ltr'><em>micante</em></span> <span class='ocrx_word' id='word_1_55' title='bbox 495 2678 615 2757; x_wconf 76' lang='lat' dir='ltr'>auro,</span> <span class='ocrx_word' id='word_1_56' title='bbox 621 2648 906 2763; x_wconf 80' lang='lat' dir='ltr'>flammasque</span> <span class='ocrx_word' id='word_1_57' title='bbox 923 2652 1110 2731; x_wconf 80' lang='lat' dir='ltr'><em>imitante</em></span> <span class='ocrx_word' id='word_1_58' title='bbox 1122 2678 1303 2759; x_wconf 77' lang='lat' dir='ltr'>pyropo:</span> 
     </span>
     <span class='ocr_line' id='line_1_12' title="bbox 154 2759 1174 2876; baseline 0.007 -33"><span class='ocrx_word' id='word_1_59' title='bbox 154 2759 286 2875; x_wconf 80' lang='lat' dir='ltr'><em>‘Cujus</em></span> <span class='ocrx_word' id='word_1_60' title='bbox 304 2765 404 2844; x_wconf 86' lang='lat' dir='ltr'>ebur</span> <span class='ocrx_word' id='word_1_61' title='bbox 418 2761 597 2845; x_wconf 83' lang='lat' dir='ltr'>nitidum</span> <span class='ocrx_word' id='word_1_62' title='bbox 605 2765 791 2876; x_wconf 79' lang='lat' dir='ltr'>fasu&#39;gia</span> <span class='ocrx_word' id='word_1_63' title='bbox 809 2792 969 2845; x_wconf 88' lang='lat' dir='ltr'>summa</span> <span class='ocrx_word' id='word_1_64' title='bbox 987 2767 1174 2876; x_wconf 76' lang='lat' dir='ltr'>tegebat:</span> 
     </span>
    </p>
   </div>
   <div class='ocr_carea' id='block_1_7' title="bbox 135 3354 1354 4441">
    <p class='ocr_par' dir='ltr' id='par_1_7' title="bbox 138 3354 1354 4164">
     <span class='ocr_line' id='line_1_13' title="bbox 200 3354 1352 3440; baseline -0.008 -22"><span class='ocrx_word' id='word_1_65' title='bbox 200 3360 320 3440; x_wconf 58' lang='lat' dir='ltr'>anagia</span> <span class='ocrx_word' id='word_1_66' title='bbox 338 3357 402 3417; x_wconf 77' lang='lat' dir='ltr'>solis</span> <span class='ocrx_word' id='word_1_67' title='bbox 421 3368 491 3416; x_wconf 71' lang='lat' dir='ltr'>erat.</span> <span class='ocrx_word' id='word_1_68' title='bbox 510 3359 620 3420; x_wconf 81' lang='lat' dir='ltr'>Volunt</span> <span class='ocrx_word' id='word_1_69' title='bbox 638 3358 767 3414; x_wconf 80' lang='lat' dir='ltr'>nonnulli</span> <span class='ocrx_word' id='word_1_70' title='bbox 784 3358 900 3432; x_wconf 71' lang='lat' dir='ltr'>poi&#39;tarn</span> <span class='ocrx_word' id='word_1_71' title='bbox 920 3354 1073 3411; x_wconf 85' lang='lat' dir='ltr'>intendisse</span> <span class='ocrx_word' id='word_1_72' title='bbox 1091 3354 1211 3431; x_wconf 79' lang='lat' dir='ltr'><em>digitum</em></span> <span class='ocrx_word' id='word_1_73' title='bbox 1232 3354 1272 3410; x_wconf 82' lang='lat' dir='ltr'>ad</span> <span class='ocrx_word' id='word_1_74' title='bbox 1299 3357 1352 3412; x_wconf 86' lang='lat' dir='ltr'>Au·</span> 
     </span>
     <span class='ocr_line' id='line_1_14' title="bbox 142 3448 1354 3531; baseline -0.004 -26"><span class='ocrx_word' id='word_1_75' title='bbox 142 3453 221 3526; x_wconf 73' lang='lat' dir='ltr'>gusti</span> <span class='ocrx_word' id='word_1_76' title='bbox 243 3450 388 3524; x_wconf 80' lang='lat' dir='ltr'>Templum</span> <span class='ocrx_word' id='word_1_77' title='bbox 407 3466 470 3505; x_wconf 87' lang='lat' dir='ltr'>cum</span> <span class='ocrx_word' id='word_1_78' title='bbox 488 3452 601 3526; x_wconf 83' lang='lat' dir='ltr'>porticu</span> <span class='ocrx_word' id='word_1_79' title='bbox 619 3458 647 3506; x_wconf 85' lang='lat' dir='ltr'>et</span> <span class='ocrx_word' id='word_1_80' title='bbox 667 3449 833 3505; x_wconf 77' lang='lat' dir='ltr'>bibliotheca</span> <span class='ocrx_word' id='word_1_81' title='bbox 854 3448 1003 3531; x_wconf 72' lang='lat' dir='ltr'>rnagnifice</span> <span class='ocrx_word' id='word_1_82' title='bbox 1023 3455 1198 3502; x_wconf 79' lang='lat' dir='ltr'>exstructum</span> <span class='ocrx_word' id='word_1_83' title='bbox 1223 3449 1251 3500; x_wconf 90' lang='lat' dir='ltr'>in</span> <span class='ocrx_word' id='word_1_84' title='bbox 1276 3453 1354 3519; x_wconf 78' lang='lat' dir='ltr'>parte</span> 
     </span>
     <span class='ocr_line' id='line_1_15' title="bbox 142 3538 1353 3617; baseline -0.007 -19"><span class='ocrx_word' id='word_1_85' title='bbox 142 3542 263 3598; x_wconf 84' lang='lat' dir='ltr'>Palatii.</span> <span class='ocrx_word' id='word_1_86' title='bbox 273 3544 346 3607; x_wconf 80' lang='lat' dir='ltr'>Atti,</span> <span class='ocrx_word' id='word_1_87' title='bbox 359 3542 490 3599; x_wconf 86' lang='lat' dir='ltr'>babuisse</span> <span class='ocrx_word' id='word_1_88' title='bbox 508 3563 571 3599; x_wconf 86' lang='lat' dir='ltr'>eum</span> <span class='ocrx_word' id='word_1_89' title='bbox 591 3551 658 3598; x_wconf 90' lang='lat' dir='ltr'>ante</span> <span class='ocrx_word' id='word_1_90' title='bbox 678 3542 774 3598; x_wconf 87' lang='lat' dir='ltr'>oculos</span> <span class='ocrx_word' id='word_1_91' title='bbox 793 3545 904 3617; x_wconf 81' lang='lat' dir='ltr'>regiam</span> <span class='ocrx_word' id='word_1_92' title='bbox 930 3543 1027 3595; x_wconf 84' lang='lat' dir='ltr'>Latini</span> <span class='ocrx_word' id='word_1_93' title='bbox 1057 3561 1076 3594; x_wconf 91' lang='lat' dir='ltr'>a</span> <span class='ocrx_word' id='word_1_94' title='bbox 1103 3541 1229 3615; x_wconf 79' lang='lat' dir='ltr'>Virgilio</span> <span class='ocrx_word' id='word_1_95' title='bbox 1254 3538 1353 3593; x_wconf 84' lang='lat' dir='ltr'>descri-</span> 
     </span>
     <span class='ocr_line' id='line_1_16' title="bbox 140 3631 1352 3710; baseline -0.007 -23"><span class='ocrx_word' id='word_1_96' title='bbox 140 3642 221 3708; x_wconf 79' lang='lat' dir='ltr'>ptam</span> <span class='ocrx_word' id='word_1_97' title='bbox 242 3654 267 3705; x_wconf 85' lang='lat'>7.</span> <span class='ocrx_word' id='word_1_98' title='bbox 286 3632 394 3689; x_wconf 85' lang='lat' dir='ltr'>AEneid.</span> <span class='ocrx_word' id='word_1_99' title='bbox 422 3637 487 3710; x_wconf 77' lang='lat' dir='ltr'>Ego</span> <span class='ocrx_word' id='word_1_100' title='bbox 510 3643 586 3690; x_wconf 81' lang='lat' dir='ltr'>certe</span> <span class='ocrx_word' id='word_1_101' title='bbox 613 3633 697 3689; x_wconf 82' lang='lat' dir='ltr'>credo</span> <span class='ocrx_word' id='word_1_102' title='bbox 722 3635 859 3696; x_wconf 75' lang='lat' dir='ltr'>Poi&#39;tam,</span> <span class='ocrx_word' id='word_1_103' title='bbox 880 3651 936 3707; x_wconf 83' lang='lat' dir='ltr'>quo</span> <span class='ocrx_word' id='word_1_104' title='bbox 953 3631 1017 3705; x_wconf 80' lang='lat' dir='ltr'>juit</span> <span class='ocrx_word' id='word_1_105' title='bbox 1043 3633 1171 3705; x_wconf 81' lang='lat' dir='ltr'>ingenio,</span> <span class='ocrx_word' id='word_1_106' title='bbox 1187 3633 1215 3684; x_wconf 88' lang='lat' dir='ltr'>in</span> <span class='ocrx_word' id='word_1_107' title='bbox 1241 3637 1352 3683; x_wconf 81' lang='lat' dir='ltr'>mentem</span> 
     </span>
     <span class='ocr_line' id='line_1_17' title="bbox 140 3721 1349 3803; baseline -0.005 -25"><span class='ocrx_word' id='word_1_108' title='bbox 140 3741 223 3780; x_wconf 82' lang='lat' dir='ltr'>suam</span> <span class='ocrx_word' id='word_1_109' title='bbox 244 3734 354 3780; x_wconf 88' lang='lat' dir='ltr'>tantum</span> <span class='ocrx_word' id='word_1_110' title='bbox 375 3729 492 3783; x_wconf 78' lang='lat' dir='ltr'>tinxisse</span> <span class='ocrx_word' id='word_1_111' title='bbox 511 3729 667 3795; x_wconf 87' lang='lat' dir='ltr'>calamum,</span> <span class='ocrx_word' id='word_1_112' title='bbox 681 3735 768 3803; x_wconf 82' lang='lat' dir='ltr'>atque</span> <span class='ocrx_word' id='word_1_113' title='bbox 788 3726 853 3781; x_wconf 81' lang='lat' dir='ltr'>inde</span> <span class='ocrx_word' id='word_1_114' title='bbox 863 3744 925 3780; x_wconf 87' lang='lat' dir='ltr'>cum</span> <span class='ocrx_word' id='word_1_115' title='bbox 940 3724 1120 3779; x_wconf 79' lang='lat' dir='ltr'>Plinb&#39;tironte</span> <span class='ocrx_word' id='word_1_116' title='bbox 1133 3742 1185 3777; x_wconf 87' lang='lat' dir='ltr'>sua</span> <span class='ocrx_word' id='word_1_117' title='bbox 1199 3721 1349 3796; x_wconf 80' lang='lat' dir='ltr'>concepisse</span> 
     </span>
     <span class='ocr_line' id='line_1_18' title="bbox 139 3807 1351 3890; baseline -0.007 -22"><span class='ocrx_word' id='word_1_118' title='bbox 139 3812 254 3871; x_wconf 76' lang='lat' dir='ltr'>aethora</span> <span class='ocrx_word' id='word_1_119' title='bbox 272 3828 375 3872; x_wconf 83' lang='lat' dir='ltr'>mente.</span> <span class='ocrx_word' id='word_1_120' title='bbox 395 3819 459 3872; x_wconf 88' lang='lat' dir='ltr'>Nisi</span> <span class='ocrx_word' id='word_1_121' title='bbox 470 3817 556 3890; x_wconf 85' lang='lat' dir='ltr'>sorte</span> <span class='ocrx_word' id='word_1_122' title='bbox 574 3821 604 3872; x_wconf 89' lang='lat' dir='ltr'>in</span> <span class='ocrx_word' id='word_1_123' title='bbox 624 3817 753 3872; x_wconf 84' lang='lat' dir='ltr'>manibus</span> <span class='ocrx_word' id='word_1_124' title='bbox 772 3816 902 3872; x_wconf 85' lang='lat' dir='ltr'>babuerit</span> <span class='ocrx_word' id='word_1_125' title='bbox 929 3812 1076 3888; x_wconf 83' lang='lat' dir='ltr'>Euripidis</span> <span class='ocrx_word' id='word_1_126' title='bbox 1102 3812 1285 3867; x_wconf 77' lang='lat' dir='ltr'>Pirai&#39;tbonta</span> <span class='ocrx_word' id='word_1_127' title='bbox 1310 3807 1351 3883; x_wconf 76' lang='lat' dir='ltr'>qui</span> 
     </span>
     <span class='ocr_line' id='line_1_19' title="bbox 140 3901 1347 3983; baseline -0.007 -22"><span class='ocrx_word' id='word_1_128' title='bbox 140 3907 221 3963; x_wconf 86' lang='lat' dir='ltr'>nobis</span> <span class='ocrx_word' id='word_1_129' title='bbox 241 3910 362 3975; x_wconf 87' lang='lat' dir='ltr'>interiit,</span> <span class='ocrx_word' id='word_1_130' title='bbox 374 3908 456 3983; x_wconf 79' lang='lat' dir='ltr'>cujus</span> <span class='ocrx_word' id='word_1_131' title='bbox 475 3913 598 3965; x_wconf 83' lang='lat' dir='ltr'>meminit</span> <span class='ocrx_word' id='word_1_132' title='bbox 621 3910 781 3981; x_wconf 75' lang='lat' dir='ltr'>Athenaeus</span> <span class='ocrx_word' id='word_1_133' title='bbox 804 3931 846 3962; x_wconf 88' lang='grc' dir='ltr'>ιι.</span> <span class='ocrx_word' id='word_1_134' title='bbox 866 3908 913 3962; x_wconf 90' lang='lat' dir='ltr'>lib.</span> <span class='ocrx_word' id='word_1_135' title='bbox 933 3917 962 3961; x_wconf 87' lang='lat' dir='ltr'>et</span> <span class='ocrx_word' id='word_1_136' title='bbox 981 3907 1064 3980; x_wconf 75' lang='lat' dir='ltr'>cujus</span> <span class='ocrx_word' id='word_1_137' title='bbox 1083 3927 1102 3959; x_wconf 91' lang='lat' dir='ltr'>a</span> <span class='ocrx_word' id='word_1_138' title='bbox 1125 3907 1271 3980; x_wconf 76' lang='lat' dir='ltr'>Longino,</span> <span class='ocrx_word' id='word_1_139' title='bbox 1289 3901 1347 3954; x_wconf 81' lang='lat' dir='ltr'>dun</span> 
     </span>
     <span class='ocr_line' id='line_1_20' title="bbox 138 4000 1347 4076; baseline -0.007 -22"><span class='ocrx_word' id='word_1_140' title='bbox 138 4000 270 4072; x_wconf 73' lang='lat' dir='ltr'>exempla</span> <span class='ocrx_word' id='word_1_141' title='bbox 289 4003 421 4074; x_wconf 71' lang='lat' dir='ltr'>poeticae</span> <span class='ocrx_word' id='word_1_142' title='bbox 438 4002 611 4076; x_wconf 71' lang='lat' dir='ltr'>phantasiae</span> <span class='ocrx_word' id='word_1_143' title='bbox 630 4001 741 4074; x_wconf 82' lang='lat' dir='ltr'>adfert,</span> <span class='ocrx_word' id='word_1_144' title='bbox 756 4002 893 4075; x_wconf 81' lang='lat' dir='ltr'>specimen</span> <span class='ocrx_word' id='word_1_145' title='bbox 914 4002 1036 4063; x_wconf 89' lang='lat' dir='ltr'>citatur,</span> <span class='ocrx_word' id='word_1_146' title='bbox 1055 4001 1182 4074; x_wconf 76' lang='lat' dir='ltr'>inibique</span> <span class='ocrx_word' id='word_1_147' title='bbox 1205 4000 1347 4071; x_wconf 80' lang='lat' dir='ltr'>praecepta</span> 
     </span>
     <span class='ocr_line' id='line_1_21' title="bbox 138 4081 1346 4164; baseline -0.006 -20"><span class='ocrx_word' id='word_1_148' title='bbox 138 4088 245 4144; x_wconf 71' lang='lat' dir='ltr'>Ptroeti</span> <span class='ocrx_word' id='word_1_149' title='bbox 257 4090 464 4147; x_wconf 68' lang='lat' dir='ltr'>Phaethontem</span> <span class='ocrx_word' id='word_1_150' title='bbox 478 4110 559 4146; x_wconf 83' lang='lat' dir='ltr'>suurn</span> <span class='ocrx_word' id='word_1_151' title='bbox 583 4096 720 4148; x_wconf 83' lang='lat' dir='ltr'>monentis</span> <span class='ocrx_word' id='word_1_152' title='bbox 743 4093 986 4164; x_wconf 82' lang='lat' dir='ltr'>instituentisque,</span> <span class='ocrx_word' id='word_1_153' title='bbox 1011 4090 1092 4163; x_wconf 82' lang='lat' dir='ltr'>infra</span> <span class='ocrx_word' id='word_1_154' title='bbox 1119 4107 1188 4143; x_wconf 78' lang='lat' dir='ltr'>vers.</span> <span class='ocrx_word' id='word_1_155' title='bbox 1203 4092 1281 4157; x_wconf 56' lang='grc' dir='ltr'>ΒΜ</span> <span class='ocrx_word' id='word_1_156' title='bbox 1296 4081 1346 4134; x_wconf 79' lang='lat'>13³·</span> 
     </span>
    </p>

    <p class='ocr_par' dir='ltr' id='par_1_8' title="bbox 135 4166 1345 4441">
     <span class='ocr_line' id='line_1_22' title="bbox 195 4166 1345 4258; baseline -0.01 -23"><span class='ocrx_word' id='word_1_157' title='bbox 195 4199 220 4235; x_wconf 66' lang='grc' dir='ltr'>ι.</span> <span class='ocrx_word' id='word_1_158' title='bbox 240 4179 361 4258; x_wconf 79' lang='lat' dir='ltr'>Pyr-opo.</span> <span class='ocrx_word' id='word_1_159' title='bbox 383 4186 497 4237; x_wconf 83' lang='lat' dir='ltr'>Gemma</span> <span class='ocrx_word' id='word_1_160' title='bbox 517 4184 651 4238; x_wconf 75' lang='lat' dir='ltr'>radiante</span> <span class='ocrx_word' id='word_1_161' title='bbox 669 4187 762 4238; x_wconf 90' lang='lat' dir='ltr'>instar</span> <span class='ocrx_word' id='word_1_162' title='bbox 782 4180 953 4237; x_wconf 84' lang='lat' dir='ltr'>carbunculi.</span> <span class='ocrx_word' id='word_1_163' title='bbox 977 4181 1075 4255; x_wconf 80' lang='lat' dir='ltr'>Neque</span> <span class='ocrx_word' id='word_1_164' title='bbox 1095 4183 1167 4232; x_wconf 90' lang='lat' dir='ltr'>enim</span> <span class='ocrx_word' id='word_1_165' title='bbox 1199 4166 1345 4250; x_wconf 77' lang='lat' dir='ltr'>placet,de</span> 
     </span>
     <span class='ocr_line' id='line_1_23' title="bbox 137 4258 1344 4349; baseline -0.007 -20"><span class='ocrx_word' id='word_1_166' title='bbox 137 4288 206 4326; x_wconf 74' lang='lat' dir='ltr'>eure</span> <span class='ocrx_word' id='word_1_167' title='bbox 225 4276 391 4329; x_wconf 87' lang='lat' dir='ltr'>coronario:</span> <span class='ocrx_word' id='word_1_168' title='bbox 403 4273 480 4349; x_wconf 80' lang='lat' dir='ltr'>quad</span> <span class='ocrx_word' id='word_1_169' title='bbox 500 4273 610 4329; x_wconf 81' lang='lat' dir='ltr'>Plinius</span> <span class='ocrx_word' id='word_1_170' title='bbox 629 4276 676 4330; x_wconf 87' lang='lat' dir='ltr'>tib.</span> <span class='ocrx_word' id='word_1_171' title='bbox 699 4279 744 4344; x_wconf 71' lang='grc'>34.</span> <span class='ocrx_word' id='word_1_172' title='bbox 764 4294 788 4329; x_wconf 87' lang='lat' dir='ltr'>c.</span> <span class='ocrx_word' id='word_1_173' title='bbox 809 4281 835 4333; x_wconf 81' lang='lat'>8.</span> <span class='ocrx_word' id='word_1_174' title='bbox 856 4274 953 4330; x_wconf 80' lang='lat' dir='ltr'>scribit</span> <span class='ocrx_word' id='word_1_175' title='bbox 970 4271 1035 4329; x_wconf 81' lang='lat' dir='ltr'>auri</span> <span class='ocrx_word' id='word_1_176' title='bbox 1054 4271 1138 4328; x_wconf 84' lang='lat' dir='ltr'>certis</span> <span class='ocrx_word' id='word_1_177' title='bbox 1157 4267 1289 4345; x_wconf 84' lang='lat' dir='ltr'>scrupulis</span> <span class='ocrx_word' id='word_1_178' title='bbox 1302 4258 1344 4318; x_wconf 70' lang='lat' dir='ltr'>rni-</span> 
     </span>
     <span class='ocr_line' id='line_1_24' title="bbox 135 4361 812 4441; baseline 0.01 -28"><span class='ocrx_word' id='word_1_179' title='bbox 135 4371 216 4426; x_wconf 79' lang='lat' dir='ltr'>xtum</span> <span class='ocrx_word' id='word_1_180' title='bbox 234 4363 382 4436; x_wconf 79' lang='lat' dir='ltr'>praetenui</span> <span class='ocrx_word' id='word_1_181' title='bbox 401 4361 503 4441; x_wconf 82' lang='lat' dir='ltr'>prropi</span> <span class='ocrx_word' id='word_1_182' title='bbox 522 4362 636 4420; x_wconf 76' lang='lat' dir='ltr'>bractea</span> <span class='ocrx_word' id='word_1_183' title='bbox 655 4365 812 4440; x_wconf 75' lang='lat' dir='ltr'>ignescere.</span> 
     </span>
    </p>
   </div>
   <div class='ocr_carea' id='block_1_8' title="bbox 331 4643 342 4675">
    <p class='ocr_par' dir='ltr' id='par_1_9' title="bbox 331 4643 342 4675">
     <span class='ocr_line' id='line_1_25' title="bbox 331 4643 342 4675; baseline 0 0"><span class='ocrx_word' id='word_1_184' title='bbox 331 4643 342 4675; x_wconf 59' lang='lat'>5</span> 
     </span>
    </p>
   </div>
   <div class='ocr_carea' id='block_1_9' title="bbox 0 0 1508 5160">
    <p class='ocr_par' dir='ltr' id='par_1_10' title="bbox 0 0 1508 5160">
     <span class='ocr_line' id='line_1_26' title="bbox 0 0 1508 5160; baseline 0 10"><span class='ocrx_word' id='word_1_185' title='bbox 0 0 1508 5160; x_wconf 95' lang='lat' dir='ltr'> </span> 
     </span>
    </p>
   </div>
  </div>
 </body>
</html>
