3008 5160
228 210 274 267 to
562 204 597 263 P.
615 202 745 265 Olim
761 202 923 267 mom
1010 204 1017 217 '

139 330 260 411 Haec
277 354 403 435 super
425 324 618 436 imposuit
636 321 867 432 liquidam,
885 341 926 405 et
940 325 1148 438 gravitate
1172 341 1379 407 carentem

138 442 340 532 AEtbera,
359 468 435 521 nec
453 441 678 551 quicquam
695 436 881 520 terrenae
888 439 1033 548 faecis
1051 432 1282 520 habentem.
1304 432 1308 439 ’

143 557 235 644 Vix
254 554 316 634 ita
334 553 533 636 limitibus
550 549 802 634 discreverat
819 554 962 635 onmia
979 552 1106 634 certis
1120 592 1133 637 .·

142 668 246 753 Cum
264 698 369 779 quae
382 695 529 776 pressa
547 661 623 745 diu
640 668 783 746 massd
799 666 957 748 latuere
975 666 1052 746 sub
1068 662 1168 757 illei,
1307 692 1357 776 7⁰

138 782 287 865 Sidera
306 797 524 890 coeperunt
543 795 628 859 toto
646 773 912 890 effervescere
928 776 1061 861 caebr.

138 894 234 979 Neu
251 896 367 1010 regio
375 894 492 1003 foret
510 892 597 973 ulla
615 894 704 973 suis
724 892 979 974 artimalibus
997 893 1119 977 orba,

138 1008 271 1091 Astra
290 1022 426 1090 tenent
444 1005 622 1088 caeleste
639 1004 774 1087 solum
788 1063 801 1096 ,
809 1007 1058 1116 fomtaeqae
1077 1005 1292 1090 Deontm:

143 1120 359 1207 Cesserunt
377 1117 525 1202 nitidis
544 1115 799 1199 habitandae
811 1118 999 1231 piscibus
1020 1114 1176 1203 undae.-

139 1235 269 1319 Terra
277 1236 400 1345 feras
418 1231 528 1341 cepit
544 1273 555 1314 .·
573 1229 768 1312 volucres
785 1231 1002 1347 agitabilis
1019 1244 1107 1315 ae‘r.
1310 1224 1359 1341 75

138 1349 336 1431 Sanctius
354 1346 419 1427 liis
437 1343 599 1424 animal
609 1404 621 1435 ,
640 1346 867 1459 mentisque
885 1344 1089 1454 capacius
1106 1344 1245 1437 altae,

137 1462 296 1544 Deerat
314 1457 476 1550 adbuc,
493 1474 534 1539 et
552 1454 667 1569 quod
682 1455 895 1540 dominari
910 1461 956 1539 iu
975 1474 1144 1539 caetera
1157 1470 1318 1567 posset.

137 1573 277 1657 Natus
295 1574 415 1653 bomo
434 1587 516 1656 est:
533 1572 617 1653 sire
635 1570 746 1655 bunc
766 1570 909 1654 divino
928 1571 1083 1652 semine
1090 1570 1205 1680 fecit

136 1687 217 1768 Ille
236 1685 382 1795 opifex
400 1712 562 1776 renem,
579 1682 729 1766 mundi
744 1686 929 1767 ntelioris
947 1685 1067 1798 origo
1076 1725 1089 1782 ;

136 1799 229 1883 Sive
247 1826 391 1881 recens
409 1797 553 1892 tellus,
571 1793 828 1911 seductaque
845 1827 978 1908 nuper
992 1800 1047 1878 ab
1063 1797 1153 1880 alto
1300 1792 1356 1881 80¹
1386 1858 1390 1869 ·

136 1911 332 2006 AEtbere,
350 1912 526 2025 cognati
542 1910 743 1993 retinebat
760 1915 923 1994 semina
942 1910 1055 1992 caeli
1059 1952 1073 1996 .-

139 2025 277 2131 Quam
294 2042 411 2107 satus
429 2023 579 2153 Japeto
597 2027 778 2107 mixtam
782 2025 1036 2141 fluvialibus
1055 2020 1184 2105 randis

135 2136 290 2221 Finxit
308 2138 353 2218 in
370 2141 549 2255 effigiem
567 2137 852 2220 moderantum
870 2155 1026 2221 cuncta
1044 2136 1255 2224 Deomau:
1369 2166 1373 2173 ·

104 2288 108 2295 ·
135 2250 358 2364 Pronaque
376 2281 472 2332 cum
488 2266 672 2363 spectent
690 2253 894 2334 animalia
910 2268 1077 2335 caetera
1097 2268 1272 2363 terram,

140 2362 200 2445 Os
218 2363 376 2447 bomini
392 2364 563 2445 sublime
581 2361 718 2459 dedit,
737 2368 976 2476 caelumque
995 2366 1104 2445 tueri
1304 2358 1357 2448 85

137 2474 293 2569 Jussit,
311 2495 349 2558 et
368 2494 525 2561 erectos
543 2475 605 2557 ad
619 2476 761 2560 sidera
779 2479 920 2560 tollere
938 2477 1086 2562 vultus.

137 2588 209 2670 Sic
235 2588 358 2672 modo
378 2621 484 2701 quae
493 2592 640 2699 fuerat
657 2590 796 2684 rudis,
815 2608 854 2671 et
872 2591 963 2672 sine
981 2591 1182 2705 imagine,
1202 2591 1332 2675 tellus

137 2698 283 2783 Induit
302 2705 470 2816 ignotas
488 2704 698 2787 bominum
715 2733 912 2788 conversa
917 2704 1097 2818 figuras

136 2813 282 2897 Aurea
295 2819 432 2926 prima
449 2833 544 2901 sata
562 2836 625 2900 est
643 2835 778 2911 aetas,
799 2848 930 2929 quae,
950 2815 1122 2899 uindice
1140 2817 1288 2912 nullo,

196 3033 241 3101 73.
263 3029 347 3086 Astra
368 3043 478 3087 tenent.
500 3033 670 3089 Platonicos
695 3035 838 3110 sequitur,
857 3035 906 3108 qui
924 3040 1010 3089 astra
1028 3042 1057 3088 et
1077 3037 1155 3089 Deos
1174 3034 1206 3087 in
1224 3031 1359 3093 ordinem

137 3124 311 3179 animalium
330 3126 502 3180 retulerunt.

193 3220 237 3285 78.
257 3213 360 3271 Divino
385 3214 492 3271 semine
518 3213 593 3272 iecit.
619 3216 682 3269 Hoc
707 3235 744 3271 ex
769 3214 928 3271 Academia
953 3225 982 3271 et
1004 3218 1093 3280 Stoa,
1121 3216 1224 3293 quibus
1249 3221 1356 3279 aniana

140 3302 265 3359 bumana
285 3313 329 3359 est
347 3306 475 3361 scintilla
496 3305 644 3373 caelestis,
663 3315 693 3361 et
710 3304 825 3363 divinae
842 3308 993 3382 particula
1011 3327 1115 3363 aurae.

194 3398 258 3453 Fun.
278 3396 331 3451 111.
352 3400 421 3475 Arg.
442 3399 541 3453 Aurea
559 3401 654 3474 prima
673 3409 740 3455 tata
760 3410 804 3456 est
824 3410 917 3457 aetas.
937 3403 980 3455 Ex
999 3402 1084 3458 variis
1104 3397 1255 3457 hominum
1276 3405 1358 3461 mori·

135 3484 189 3541 bus
208 3498 330 3562 quotuor
352 3502 458 3546 aetates
485 3486 574 3546 tactae
600 3488 745 3560 videntur,
772 3488 877 3567 quibas
897 3512 948 3568 pro
968 3511 1079 3548 morum
1099 3489 1237 3564 qualitate
1258 3512 1275 3547 n
1297 3515 1355 3550 mc·

57 3568 60 3573 ⁴
138 3577 211 3635 mltis
231 3579 345 3636 nomina
365 3580 495 3658 imposita
521 3581 607 3641 suere.
628 3583 721 3640 Prima
749 3604 872 3660 nomque
898 3604 982 3639 aurea
1008 3584 1062 3640 suit
1088 3581 1248 3658 appellata,
1274 3586 1356 3661 quod

138 3667 249 3744 optimis
275 3669 398 3727 moribus
424 3670 473 3726 itto
499 3683 644 3751 tempore,
668 3695 725 3749 quo
752 3675 890 3731 Saturnus
917 3673 1061 3749 regnavit,
1088 3671 1217 3729 homines
1250 3677 1356 3735 florue-

137 3769 211 3814 runt.
231 3758 360 3816 secunda
374 3774 517 3839 argenteo,
533 3764 618 3838 quod,
638 3785 695 3840 quo
715 3777 842 3842 ternpore
863 3763 938 3840 cepit
959 3784 1075 3837 regnare
1091 3764 1229 3839 Iuppiter,
1243 3765 1274 3822 in
1288 3766 1357 3825 vitia

135 3846 264 3906 homines
283 3851 419 3910 inclinare
441 3872 604 3930 coeperunt.
624 3856 720 3913 Tertia
740 3878 830 3924 norea,
852 3876 936 3930 quam
957 3856 1030 3912 bello
1044 3869 1231 3932 occuparunt.
1251 3861 1360 3931 Quart·

135 3937 234 4008 ferrea,
255 3939 332 4015 quod
353 3949 382 4000 in
401 3964 434 4001 ea
454 3966 470 3998 a
490 3945 566 4003 nullo
586 3947 760 4007 crudelitatis
771 3968 875 4026 genere
889 3967 918 4003 se
931 3946 1058 4005 homines
1075 3947 1217 4002 abstinere
1231 3964 1358 4008 constat.

193 4036 238 4103 89.
258 4031 389 4092 Vindice.
409 4037 542 4092 Fabulae
553 4041 638 4116 liujus
651 4043 788 4117 originem
803 4048 954 4114 acceptam
967 4039 1096 4095 relatam
1108 4037 1206 4091 volunt
1226 4041 1360 4116 Sibyllis,

136 4137 256 4176 necnon
271 4122 420 4192 Hebraeis,
432 4129 452 4181 it
464 4129 652 4207 quibussorte
663 4131 849 4187 inaudierant
864 4130 968 4189 Graeci
979 4129 1125 4206 quaedam
1136 4125 1173 4180 de
1186 4137 1291 4184 statua
1301 4153 1358 4209 per

135 4228 263 4269 somnum
283 4213 382 4274 oblata
401 4220 686 4289 Nabrtcliodonosori‚
698 4229 745 4280 eui
757 4232 848 4301 caput
863 4240 993 4287 aureum,
1005 4221 1117 4276 humeri
1129 4224 1263 4295 argentei
1283 4234 1339 4281 etc.
1346 4267 1357 4292 ,

132 4322 218 4376 ‹puam
232 4312 438 4379 interpretatus
450 4322 494 4368 est
506 4317 609 4373 Daniel
620 4316 657 4373 da
669 4325 794 4391 quatuor·
807 4314 942 4389 imperiis.
956 4312 1052 4385 Refert
1065 4312 1206 4368 Hesiod.5
1226 4323 1359 4387 aetates,

134 4397 152 4449 ὰ
173 4420 228 4473 quo
247 4420 304 4457 non
324 4422 419 4477 pauca
440 4416 586 4468 mutuatus
607 4420 650 4466 cst
670 4421 782 4475 noster,
802 4419 834 4463 ut
854 4416 882 4462 et
903 4405 941 4465 ab
960 4408 1054 4463 Arato
1073 4415 1102 4462 et
1127 4405 1199 4460 Fab.
1219 4408 1352 4471 Pictore.
