3008 5160
329 251 411 367 4⁰².
664 268 700 331 r.
728 268 862 331 ovum
888 266 1055 332 stsoms

244 387 325 474 Ille
344 400 455 466 metu
473 410 655 478 uacuus,
673 383 839 469 Nomen
856 385 962 468 miti
969 450 980 488 ‚
998 382 1118 468 dicit
1133 447 1144 484 ,
1165 383 1365 469 Acoetes
1371 423 1385 483 ‚·

244 499 397 587 Patria
416 497 624 583 Maeonia
640 514 726 582 est:
745 500 896 583 lrumtli
911 496 965 581 de
977 499 1097 610 plebe
1111 515 1341 609 parentes.

244 615 345 701 Non
364 612 485 707 milri,
504 642 612 724 quae
628 610 729 695 duri
744 614 927 696 colerent
938 629 1063 724 pater
1077 641 1188 696 arva
1199 611 1403 726 juvenci,

241 728 525 839 Lanigerosoe
540 754 692 840 greges
701 766 715 825 ;
733 753 819 809 non
837 726 926 809 ulla
942 742 1135 809 armenta
1153 726 1349 840 reliquit.
1392 718 1459 808 855

244 842 417 952 Pauper
432 856 472 922 et
491 839 579 950 ipse
587 839 678 949 fuit
692 878 706 938 ,·
723 838 893 954 linoque
910 839 1067 924 solebat
1084 857 1128 923 et
1146 839 1295 923 lrarnis

243 954 471 1063 Decipere,
490 969 530 1035 et
549 952 716 1037 calamo
733 954 932 1039 salientes
950 950 1104 1036 ducere
1117 954 1287 1061 pisces.-

245 1069 335 1153 Ars
354 1067 421 1149 illi
437 1095 516 1149 sua
534 1095 684 1149 census
702 1086 808 1152 erat:
829 1097 925 1151 cum
943 1064 1128 1149 traderet
1148 1083 1292 1148 artem
1298 1107 1314 1164 ,-

244 1183 430 1293 Accipe,
449 1209 554 1295 quas
571 1181 720 1281 liabeo,
736 1180 873 1266 studii
887 1209 1107 1265 successor
1122 1197 1165 1262 et
1178 1181 1324 1274 lieres,

243 1295 395 1390 Dicit,
414 1323 511 1405 opes
517 1334 531 1393 ;
548 1295 808 1407 moriensque
824 1295 929 1377 milti
943 1293 1054 1376 nihil
1066 1293 1141 1374 ille
1161 1294 1340 1406 reliquit
1386 1288 1453 1405 590

241 1409 419 1492 Praeter
433 1437 590 1520 aquas.-
603 1437 730 1490 unum
743 1411 823 1493 lroc
835 1437 1004 1520 possum
1024 1407 1247 1515 appellare
1260 1424 1472 1518 paternum

243 1522 361 1605 Mox
380 1551 479 1652 ego,
499 1551 552 1602 ne
569 1523 756 1634 scopulis
773 1523 980 1605 haererem
996 1548 1162 1626 semper
1176 1521 1228 1602 in
1247 1518 1403 1614 isdem,

242 1633 461 1720 Addidrci
476 1634 680 1747 regimen,
698 1634 859 1721 dextrei
877 1633 1146 1728 moderante,
1166 1634 1352 1718 carinae

243 1748 449 1835 Flectere:
467 1764 506 1830 et
527 1748 703 1831 Oleniae
720 1746 841 1833 sidus
855 1748 1037 1859 pluviale
1054 1746 1273 1857 capellae,
1388 1743 1454 1861 594

242 1863 567 1977 Taygetenque,
586 1860 851 1974 Hyaquue
878 1861 1013 1945 oculis
1029 1860 1294 1974 Arctonque
1311 1861 1445 1960 notari,

243 1976 549 2089 Ventorumque
567 1974 740 2071 domos,
757 1993 797 2059 et
810 1992 957 2088 portus
970 1974 1189 2085 puppibus
1207 1992 1351 2086 aptos.

288 3900 353 3972 594.
368 3896 514 3967 oleata,
534 3898 708 3956 Amaltheae
719 3922 729 3965 ,·
750 3902 825 3956 inter
855 3900 954 3957 sidera
974 3900 1099 3968 relatae,
1120 3907 1209 3980 quael
1229 3912 1302 3968 lovi
1321 3908 1416 3989 infesti
1428 3903 1460 3958 la

226 3990 407 4137 pqqebuqsset
425 4010 517 4068 prope
528 3991 648 4048 Olenum
674 4012 740 4068 opp.
761 3993 894 4068 Aclraq'ae
909 4032 919 4059 ,
937 4013 1013 4070 qaae
1031 4003 1102 4052 ortu
1114 4006 1145 4054 et
1159 4017 1281 4060 xcasu
1304 4024 1358 4063 suo
1376 3999 1459 4079 Μ’

285 4100 353 4242 23⁸5:
394 4170 612 4249 Taygetenque.
648 4171 814 4239 Pleiadas,
834 4193 958 4249 quarum
978 4193 1037 4230 una
1058 4183 1102 4231 est
1127 4179 1283 4259 Taygete.
1301 4183 1457 4263 {ty-dopo

228 4256 339 4313 Stellas
360 4261 385 4314 5.
406 4260 436 4312 in
456 4260 553 4332 capite
572 4260 653 4313 tauri
659 4281 667 4312 .·
692 4252 753 4324 eim*
778 4254 818 4322 τῦ
843 4255 925 4328 ὕειν,
955 4267 1140 4339 quinetiam
1169 4273 1324 4348 pluviae,
1350 4280 1388 4336 ull
1408 4277 1457 4339 7⁵⁴

228 4349 515 4429 plaustrumque.
550 4352 657 4410 Ursam
677 4351 859 4427 Borealem,
881 4357 1085 4430 Cynosuram,
1106 4364 1154 4423 tel
1174 4367 1314 4429 Helicen.
1365 4381 1369 4391 '
