3008 5160
329 255 384 360 94
662 266 697 324 Ρ.
727 267 853 325 omno
881 263 1045 324 sesoms

300 386 392 469 Nec
410 385 607 494 Superum
625 399 761 464 rector
775 382 887 462 mala
906 398 1024 463 tanta
1041 379 1304 462 Phoronidos
1324 381 1436 460 ultra

245 500 372 585 Ferre
384 511 543 609 potest:
561 510 784 607 natumque
801 511 946 588 vocat,
966 524 1086 605 quem
1102 490 1247 575 lucida
1260 509 1391 601 partu

244 614 389 696 Pleias
406 610 537 690 enixa
554 624 633 695 est:
659 608 820 719 letoque
837 604 927 700 det,
945 607 1134 716 imperat,
1153 603 1333 717 Argum.
1379 603 1458 716 670

244 725 386 808 Parva
404 750 519 804 mora
536 736 622 830 est,
643 720 738 801 alas
750 717 945 828 pedibus,
964 723 1203 832 virgamque
1215 719 1381 826 potenti

245 835 518 943 Somniferam
536 833 759 943 sumpsisse
775 861 919 926 manu,
937 832 1194 945 tegimenque
1212 830 1395 940 capillis.

246 949 365 1034 Haeo
384 946 455 1028 ubi
469 943 692 1056 disposuit,
705 944 849 1055 patriti
864 944 974 1029 Jove
992 961 1117 1024 uatus
1136 945 1189 1024 ab
1208 972 1307 1024 arae

244 1060 402 1144 Desilit
418 1062 464 1141 in
481 1075 624 1141 terras.
642 1059 741 1141 Illic
759 1055 1017 1170 tegimenque
1033 1055 1218 1148 removit,

246 1171 311 1259 Et
321 1172 462 1282 posuit
474 1199 657 1279 pennas;
675 1167 959 1252 tantummodo
976 1170 1104 1283 virga
1117 1184 1273 1249 retenta
1291 1182 1366 1249 est.
1383 1164 1460 1278 675

246 1285 344 1371 Hac
361 1285 478 1396 agit,
497 1299 542 1363 ut
553 1301 724 1391 pastor,
737 1313 817 1392 per
831 1278 961 1362 deuia
978 1312 1077 1362 rura
1096 1280 1308 1388 capellas,

245 1398 362 1481 Dum
379 1397 511 1487 venit,
528 1391 750 1476 abductas:
770 1411 810 1475 et
826 1392 998 1475 structis
1009 1409 1155 1475 cantat
1171 1395 1326 1475 avetu's.

251 1510 364 1598 Voce
380 1536 509 1590 novae
526 1523 673 1616 eaptus
690 1522 831 1589 eustos
847 1506 1057 1591 Junonias
1073 1507 1201 1586 artis:

252 1621 452 1732 Quisquis
470 1647 534 1725 es,
554 1619 633 1711 hoe
645 1621 802 1728 poteris
820 1647 980 1702 ntecum
998 1615 1213 1700 considere
1231 1645 1372 1711 saxo,

247 1734 396 1844 Argus
413 1732 497 1841 ait3
513 1759 645 1843 neque
661 1733 771 1813 enim
783 1728 1194 1925 pecorid'oecuruiior
1208 1730 1297 1812 ullo
1387 1727 1463 1814 (380

248 1846 388 1928 Herba
407 1844 499 1926 loco
516 1860 604 1951 est3
622 1861 841 1956 aptamque
858 1844 910 1924 oi
961 1843 1233 1953 spastoribus
1251 1845 1446 1925 umbram.

248 1954 367 2039 s'edit
386 1954 676 2038 Atlantiades:
696 1975 736 2037 et
753 1973 938 2049 euntem,
956 1956 1088 2036 multa
1106 1951 1339 2067 loquendo,

249 2068 443 2151 Detinnit
459 2096 642 2149 sermone
659 2066 769 2150 diem
781 2128 793 2162 ,
802 2068 1046 2180 junctisque
1063 2065 1255 2148 canendo

255 2178 431 2266 Vincere
447 2179 722 2263 antudinibus
740 2181 947 2264 servantia
960 2181 1118 2262 lumina
1131 2195 1272 2262 tentat.

253 2291 330 2378 Ille
348 2308 483 2371 tamen
495 2308 661 2405 pugnat
679 2294 821 2375 molles
833 2293 1017 2378 evincere
1029 2321 1217 2377 somnos:
1389 2286 1462 2374 685

305 3264 369 3320 sn.
391 3265 439 3319 XI.
462 3262 522 3319 Nec
542 3280 692 3336 superum,
718 3281 758 3320 eo.
784 3264 913 3344 luppiter
939 3262 1026 3322 mittit
1046 3261 1217 3323 Mercurium
1241 3264 1342 3324 habitu
1361 3264 1472 3344 postoris

249 3356 287 3413 td
308 3359 415 3434 Argum
436 3352 672 3419 interficiendum.

307 3455 375 3505 668.
396 3445 584 3504 Phoronidos.
604 3446 747 3504 Phoronei
765 3452 866 3524 neptis.
887 3449 1052 3506 Phoroneus
1070 3450 1171 3506 Inachi
1189 3461 1274 3526 pater
1282 3451 1358 3527 suit.

306 3546 373 3613 670.
392 3540 490 3598 Pleias
509 3540 594 3613 enjxu
612 3552 664 3603 est.
683 3541 790 3616 Maia,
810 3561 868 3597 una
880 3560 918 3597 ex
928 3550 1037 3615 septem
1056 3542 1184 3600 Atlantis
1193 3543 1469 3618 filiabusl’le'iudun

260 3629 459 3709 pulcherrima.
479 3633 617 3707 Letoque.
633 3630 716 3687 Unde
726 3650 825 3687 nomeu
845 3632 889 3686 ilii
908 3619 1131 3720 Α’ρχειφόντης.

186 3736 189 3743 ’
309 3727 377 3792 671.
398 3719 465 3776 Ales
483 3721 612 3797 pedibus.
632 3723 695 3776 1100
713 3729 772 3787 est,
795 3721 904 3776 talaria
923 3725 1022 3790 alata,
1047 3743 1124 3801 quiae
1142 3725 1249 3781 idcireo
1268 3726 1417 3780 Mercurio
1433 3731 1470 3777 at·

256 3813 435 3875 tribuuntur,
447 3812 523 3886 quod
534 3811 716 3885 planetarum
741 3814 866 3865 omnium
885 3815 922 3867 sit
942 3814 1140 3870 velocissimus.
1152 3815 1268 3892 Virgsm
1289 3812 1470 3869 sosnnifemm·

257 3902 421 3956 Caduceum
443 3901 528 3955 dicit:
554 3902 591 3955 de
615 3921 671 3977 quo
690 3903 773 3976 Virg.
795 3905 821 3972 4.
841 3903 951 3958 AEneid.
971 3905 1046 3959 Tum
1067 3903 1171 3982 virgam
1193 3902 1282 3980 capit:
1303 3901 1358 3961 hoc
1376 3903 1472 3958 suimus

251 3995 300 4050 itte
320 4004 419 4049 evocat
444 4013 510 4048 orco
536 3993 692 4060 Pallentes,
712 3993 780 4050 elios
798 3995 851 4050 sub
870 3995 958 4052 tristia
994 3997 1109 4055 Tartara
1133 3997 1233 4054 mittit:
1266 3997 1323 4053 ou
1352 4012 1470 4060 somnos,

202 4133 203 4136 η
257 4085 428 4159 adimitque,
448 4096 475 4139 et
495 4082 600 4138 lumina
621 4097 708 4140 morte
728 4085 859 4162 resignat.

312 4174 579 4248 672.'1'eg=nenquo
606 4174 724 4250 capillis.
749 4179 886 4231 Petasum
910 4185 938 4231 et
964 4177 1092 4252 pileum,
1125 4197 1206 4254 queem
1227 4174 1469 4233 causandum.

257 4267 323 4324 Alos
343 4262 461 4341 pedibus
481 4267 572 4336 Epist.
590 4264 687 4318 Potiti.
709 4271 750 4320 16.
770 4271 852 4322 uos.

314 4363 379 4430 658.
401 4357 495 4413 Novae
516 4357 591 4413 artis.
615 4359 736 4425 Tibiae,
755 4362 867 4416 nouiter
887 4381 904 4414 a
926 4362 1073 4416 Mercurio
1091 4362 1233 4416 inuentae.
1292 4421 1296 4429 ¹
