<?xml version="1.0" encoding="UTF-8"?>
<!DOCTYPE html PUBLIC "-//W3C//DTD XHTML 1.0 Transitional//EN"
    "http://www.w3.org/TR/xhtml1/DTD/xhtml1-transitional.dtd">
<html xmlns="http://www.w3.org/1999/xhtml" xml:lang="en" lang="en">
 <head>
  <title>
</title>
<meta http-equiv="Content-Type" content="text/html;charset=utf-8" />
  <meta name='ocr-system' content='tesseract 3.04.00' />
  <meta name='ocr-capabilities' content='ocr_page ocr_carea ocr_par ocr_line ocrx_word'/>
</head>
<body>
  <div class='ocr_page' id='page_1' title='image "./povidiinasonism03angugoog_0216.png"; bbox 0 0 3008 5160; ppageno 0'>
   <div class='ocr_carea' id='block_1_1' title="bbox 247 247 946 357">
    <p class='ocr_par' dir='ltr' id='par_1_1' title="bbox 247 247 946 357">
     <span class='ocr_line' id='line_1_1' title="bbox 247 247 946 357; baseline -0.003 -25"><span class='ocrx_word' id='word_1_1' title='bbox 247 247 322 357; x_wconf 73' lang='lat'><em>164</em></span> <span class='ocrx_word' id='word_1_2' title='bbox 572 274 607 331; x_wconf 72' lang='grc' dir='ltr'><em>ι».</em></span> <span class='ocrx_word' id='word_1_3' title='bbox 628 272 757 332; x_wconf 81' lang='lat' dir='ltr'><em>onon</em></span> <span class='ocrx_word' id='word_1_4' title='bbox 782 270 946 332; x_wconf 67' lang='lat' dir='ltr'><em>ausoris</em></span> 
     </span>
    </p>
   </div>
   <div class='ocr_carea' id='block_1_2' title="bbox 101 381 1373 1630">
    <p class='ocr_par' dir='ltr' id='par_1_2' title="bbox 162 381 1373 503">
     <span class='ocr_line' id='line_1_2' title="bbox 162 381 1373 503; baseline 0.001 -32"><span class='ocrx_word' id='word_1_5' title='bbox 162 388 353 478; x_wconf 73' lang='lat' dir='ltr'><em>Volvitur</em></span> <span class='ocrx_word' id='word_1_6' title='bbox 366 391 411 472; x_wconf 92' lang='lat' dir='ltr'><em>in</em></span> <span class='ocrx_word' id='word_1_7' title='bbox 424 418 650 500; x_wconf 81' lang='lat' dir='ltr'><em>praeceps,</em></span> <span class='ocrx_word' id='word_1_8' title='bbox 669 390 795 503; x_wconf 80' lang='lat' dir='ltr'><em>longo</em></span> <span class='ocrx_word' id='word_1_9' title='bbox 825 421 875 471; x_wconf 88' lang='lat' dir='ltr'><em>ue</em></span> <span class='ocrx_word' id='word_1_10' title='bbox 888 421 966 501; x_wconf 90' lang='lat' dir='ltr'><em>per</em></span> <span class='ocrx_word' id='word_1_11' title='bbox 980 401 1080 472; x_wconf 71' lang='lat' dir='ltr'><em>aera</em></span> <span class='ocrx_word' id='word_1_12' title='bbox 1100 406 1236 470; x_wconf 85' lang='lat' dir='ltr'><em>tractu</em></span> <span class='ocrx_word' id='word_1_13' title='bbox 1291 381 1373 473; x_wconf 85' lang='lat'><em>320</em></span> 
     </span>
    </p>

    <p class='ocr_par' dir='ltr' id='par_1_3' title="bbox 155 420 1154 594">
     <span class='ocr_line' id='line_1_3' title="bbox 155 420 1154 594; baseline -0.002 -8"><span class='ocrx_word' id='word_1_14' title='bbox 155 501 203 586; x_wconf 85' lang='lat' dir='ltr'><em>F</em></span> <span class='ocrx_word' id='word_1_15' title='bbox 196 521 335 590; x_wconf 79' lang='lat' dir='ltr'><em>ertia.-</em></span> <span class='ocrx_word' id='word_1_16' title='bbox 355 521 399 584; x_wconf 91' lang='lat' dir='ltr'><em>ut</em></span> <span class='ocrx_word' id='word_1_17' title='bbox 418 499 624 584; x_wconf 85' lang='lat' dir='ltr'><em>interdum</em></span> <span class='ocrx_word' id='word_1_18' title='bbox 642 499 695 582; x_wconf 78' lang='lat' dir='ltr'><em>de</em></span> <span class='ocrx_word' id='word_1_19' title='bbox 713 420 833 586; x_wconf 60' lang='lat' dir='ltr'><em>cnei)</em></span> <span class='ocrx_word' id='word_1_20' title='bbox 851 504 975 584; x_wconf 87' lang='lat' dir='ltr'><em>stella</em></span> <span class='ocrx_word' id='word_1_21' title='bbox 992 530 1154 594; x_wconf 89' lang='lat' dir='ltr'><em>sereno,</em></span> 
     </span>
    </p>

    <p class='ocr_par' dir='ltr' id='par_1_4' title="bbox 157 613 1084 724">
     <span class='ocr_line' id='line_1_4' title="bbox 157 613 1084 724; baseline -0.002 -24"><span class='ocrx_word' id='word_1_22' title='bbox 157 613 261 700; x_wconf 86' lang='lat' dir='ltr'><em>Etsi</em></span> <span class='ocrx_word' id='word_1_23' title='bbox 276 646 359 699; x_wconf 91' lang='lat' dir='ltr'><em>non</em></span> <span class='ocrx_word' id='word_1_24' title='bbox 378 613 549 709; x_wconf 86' lang='lat' dir='ltr'><em>cecidit,</em></span> <span class='ocrx_word' id='word_1_25' title='bbox 563 615 698 724; x_wconf 88' lang='lat' dir='ltr'><em>potuit</em></span> <span class='ocrx_word' id='word_1_26' title='bbox 718 614 923 699; x_wconf 81' lang='lat' dir='ltr'><em>cecidisse</em></span> <span class='ocrx_word' id='word_1_27' title='bbox 942 614 1084 701; x_wconf 78' lang='lat' dir='ltr'><em>uideri.</em></span> 
     </span>
    </p>

    <p class='ocr_par' dir='ltr' id='par_1_5' title="bbox 160 726 1184 840">
     <span class='ocr_line' id='line_1_5' title="bbox 160 726 1184 840; baseline -0.001 -31"><span class='ocrx_word' id='word_1_28' title='bbox 160 728 292 833; x_wconf 77' lang='lat' dir='ltr'><em>(luem</em></span> <span class='ocrx_word' id='word_1_29' title='bbox 305 728 460 840; x_wconf 84' lang='lat' dir='ltr'><em>procul</em></span> <span class='ocrx_word' id='word_1_30' title='bbox 473 761 501 810; x_wconf 92' lang='lat' dir='ltr'><em>a</em></span> <span class='ocrx_word' id='word_1_31' title='bbox 515 729 657 839; x_wconf 88' lang='lat' dir='ltr'><em>patria</em></span> <span class='ocrx_word' id='word_1_32' title='bbox 676 726 839 812; x_wconf 82' lang='lat' dir='ltr'><em>diverso</em></span> <span class='ocrx_word' id='word_1_33' title='bbox 856 730 1070 810; x_wconf 68' lang='lat' dir='ltr'><em>nausimus</em></span> <span class='ocrx_word' id='word_1_34' title='bbox 1089 732 1184 810; x_wconf 81' lang='lat' dir='ltr'><em>orbe</em></span> 
     </span>
    </p>

    <p class='ocr_par' dir='ltr' id='par_1_6' title="bbox 101 839 1368 1071">
     <span class='ocr_line' id='line_1_6' title="bbox 101 839 1190 953; baseline 0 -29"><span class='ocrx_word' id='word_1_35' title='bbox 101 879 104 884; x_wconf 90' lang='lat'>·</span> <span class='ocrx_word' id='word_1_36' title='bbox 154 839 340 953; x_wconf 78' lang='lat' dir='ltr'><em>Excipit</em></span> <span class='ocrx_word' id='word_1_37' title='bbox 358 839 597 934; x_wconf 85' lang='lat' dir='ltr'><em>Eridanus,</em></span> <span class='ocrx_word' id='word_1_38' title='bbox 616 840 935 953; x_wconf 81' lang='lat' dir='ltr'><em>spumantiaque</em></span> <span class='ocrx_word' id='word_1_39' title='bbox 952 842 1085 923; x_wconf 88' lang='lat' dir='ltr'><em>abluit</em></span> <span class='ocrx_word' id='word_1_40' title='bbox 1104 870 1190 925; x_wconf 88' lang='lat' dir='ltr'><em>ora.</em></span> 
     </span>
     <span class='ocr_line' id='line_1_7' title="bbox 209 947 1368 1071; baseline -0.004 -34"><span class='ocrx_word' id='word_1_41' title='bbox 209 953 402 1067; x_wconf 77' lang='lat' dir='ltr'><em>Neqitdes</em></span> <span class='ocrx_word' id='word_1_42' title='bbox 420 953 647 1064; x_wconf 79' lang='lat' dir='ltr'><em>Hesperiae</em></span> <span class='ocrx_word' id='word_1_43' title='bbox 671 951 822 1062; x_wconf 80' lang='lat' dir='ltr'><em>trifida‘</em></span> <span class='ocrx_word' id='word_1_44' title='bbox 838 956 1055 1066; x_wconf 85' lang='lat' dir='ltr'><em>fumantia</em></span> <span class='ocrx_word' id='word_1_45' title='bbox 1067 952 1257 1071; x_wconf 68' lang='lat' dir='ltr'><em>flammei</em></span> <span class='ocrx_word' id='word_1_46' title='bbox 1288 947 1368 1033; x_wconf 74' lang='lat'><em>525</em></span> 
     </span>
    </p>

    <p class='ocr_par' dir='ltr' id='par_1_7' title="bbox 157 1065 1368 1178">
     <span class='ocr_line' id='line_1_8' title="bbox 157 1065 1368 1178; baseline -0.006 -28"><span class='ocrx_word' id='word_1_47' title='bbox 157 1066 339 1175; x_wconf 78' lang='lat' dir='ltr'><em>Corpora</em></span> <span class='ocrx_word' id='word_1_48' title='bbox 349 1065 454 1148; x_wconf 89' lang='lat' dir='ltr'><em>dant</em></span> <span class='ocrx_word' id='word_1_49' title='bbox 467 1066 1187 1178; x_wconf 77' lang='lat' dir='ltr'><em>tumulo:signantquoqnecarmine</em></span> <span class='ocrx_word' id='word_1_50' title='bbox 1200 1089 1368 1148; x_wconf 78' lang='lat' dir='ltr'><em>saxum.</em></span> 
     </span>
    </p>

    <p class='ocr_par' dir='ltr' id='par_1_8' title="bbox 153 1178 1248 1292">
     <span class='ocr_line' id='line_1_9' title="bbox 153 1178 1248 1292; baseline 0.004 -32"><span class='ocrx_word' id='word_1_51' title='bbox 153 1181 239 1261; x_wconf 86' lang='lat' dir='ltr'><em>Hic</em></span> <span class='ocrx_word' id='word_1_52' title='bbox 257 1182 362 1261; x_wconf 89' lang='lat' dir='ltr'><em>situs</em></span> <span class='ocrx_word' id='word_1_53' title='bbox 380 1196 441 1260; x_wconf 91' lang='lat' dir='ltr'><em>est</em></span> <span class='ocrx_word' id='word_1_54' title='bbox 459 1178 703 1271; x_wconf 78' lang='lat' dir='ltr'><em>Plrae&#39;tlrou,</em></span> <span class='ocrx_word' id='word_1_55' title='bbox 721 1207 872 1261; x_wconf 83' lang='lat' dir='ltr'><em>currus</em></span> <span class='ocrx_word' id='word_1_56' title='bbox 889 1181 1043 1292; x_wconf 59' lang='lat' dir='ltr'><em>auriga</em></span> <span class='ocrx_word' id='word_1_57' title='bbox 1056 1181 1248 1290; x_wconf 87' lang='lat' dir='ltr'><em>paterni:</em></span> 
     </span>
    </p>

    <p class='ocr_par' dir='ltr' id='par_1_9' title="bbox 158 1291 1303 1403">
     <span class='ocr_line' id='line_1_10' title="bbox 158 1291 1303 1403; baseline -0.002 -31"><span class='ocrx_word' id='word_1_58' title='bbox 158 1292 290 1402; x_wconf 82' lang='lat' dir='ltr'><em>Quem</em></span> <span class='ocrx_word' id='word_1_59' title='bbox 308 1294 349 1374; x_wconf 88' lang='lat' dir='ltr'><em>si</em></span> <span class='ocrx_word' id='word_1_60' title='bbox 364 1319 447 1373; x_wconf 79' lang='lat' dir='ltr'><em>tion</em></span> <span class='ocrx_word' id='word_1_61' title='bbox 467 1292 623 1385; x_wconf 87' lang='lat' dir='ltr'><em>tenuit,</em></span> <span class='ocrx_word' id='word_1_62' title='bbox 641 1292 811 1403; x_wconf 78' lang='lat' dir='ltr'><em>magnis</em></span> <span class='ocrx_word' id='word_1_63' title='bbox 829 1307 968 1372; x_wconf 90' lang='lat' dir='ltr'><em>tamen</em></span> <span class='ocrx_word' id='word_1_64' title='bbox 985 1291 1151 1376; x_wconf 76' lang='lat' dir='ltr'><em>eaeidit</em></span> <span class='ocrx_word' id='word_1_65' title='bbox 1169 1291 1303 1371; x_wconf 89' lang='lat' dir='ltr'><em>ausis.</em></span> 
     </span>
    </p>

    <p class='ocr_par' dir='ltr' id='par_1_10' title="bbox 153 1403 1173 1512">
     <span class='ocr_line' id='line_1_11' title="bbox 153 1403 1173 1512; baseline -0.003 -24"><span class='ocrx_word' id='word_1_66' title='bbox 153 1404 266 1489; x_wconf 83' lang='lat' dir='ltr'><em>Nam</em></span> <span class='ocrx_word' id='word_1_67' title='bbox 281 1421 406 1512; x_wconf 89' lang='lat' dir='ltr'><em>pater</em></span> <span class='ocrx_word' id='word_1_68' title='bbox 422 1403 623 1486; x_wconf 83' lang='lat' dir='ltr'><em>obductos</em></span> <span class='ocrx_word' id='word_1_69' title='bbox 642 1403 758 1485; x_wconf 87' lang='lat' dir='ltr'><em>luctu</em></span> <span class='ocrx_word' id='word_1_70' title='bbox 776 1403 1025 1485; x_wconf 79' lang='lat' dir='ltr'><em>miserabilis</em></span> <span class='ocrx_word' id='word_1_71' title='bbox 1043 1436 1094 1486; x_wconf 92' lang='lat' dir='ltr'><em>ae</em></span> <span class='ocrx_word' id='word_1_72' title='bbox 1126 1431 1173 1485; x_wconf 89' lang='lat' dir='ltr'><em>ro</em></span> 
     </span>
    </p>

    <p class='ocr_par' dir='ltr' id='par_1_11' title="bbox 157 1435 1364 1630">
     <span class='ocr_line' id='line_1_12' title="bbox 157 1435 1364 1630; baseline -0.005 -31"><span class='ocrx_word' id='word_1_73' title='bbox 157 1514 413 1600; x_wconf 83' lang='lat' dir='ltr'><em>Condiderat</em></span> <span class='ocrx_word' id='word_1_74' title='bbox 432 1516 584 1608; x_wconf 78' lang='lat' dir='ltr'><em>uultus,</em></span> <span class='ocrx_word' id='word_1_75' title='bbox 598 1532 638 1597; x_wconf 89' lang='lat' dir='ltr'><em>et</em></span> <span class='ocrx_word' id='word_1_76' title='bbox 655 1512 722 1626; x_wconf 85' lang='lat' dir='ltr'><em>(si</em></span> <span class='ocrx_word' id='word_1_77' title='bbox 737 1512 861 1597; x_wconf 86' lang='lat' dir='ltr'><em>modo</em></span> <span class='ocrx_word' id='word_1_78' title='bbox 879 1435 1261 1630; x_wconf 53' lang='lat' dir='ltr'><em>eredimusiunum</em></span> <span class='ocrx_word' id='word_1_79' title='bbox 1286 1510 1364 1597; x_wconf 80' lang='lat'><em>330</em></span> 
     </span>
    </p>
   </div>
   <div class='ocr_carea' id='block_1_3' title="bbox 150 1626 1365 2302">
    <p class='ocr_par' dir='ltr' id='par_1_12' title="bbox 153 1626 1208 1853">
     <span class='ocr_line' id='line_1_13' title="bbox 153 1626 1147 1737; baseline -0.002 -26"><span class='ocrx_word' id='word_1_80' title='bbox 153 1631 244 1711; x_wconf 84' lang='lat' dir='ltr'><em>Isse</em></span> <span class='ocrx_word' id='word_1_81' title='bbox 262 1627 374 1711; x_wconf 88' lang='lat' dir='ltr'><em>diem</em></span> <span class='ocrx_word' id='word_1_82' title='bbox 391 1631 482 1711; x_wconf 90' lang='lat' dir='ltr'><em>sine</em></span> <span class='ocrx_word' id='word_1_83' title='bbox 500 1629 597 1712; x_wconf 90' lang='lat' dir='ltr'><em>Sole</em></span> <span class='ocrx_word' id='word_1_84' title='bbox 604 1629 771 1737; x_wconf 84' lang='lat' dir='ltr'><em>ferunt:</em></span> <span class='ocrx_word' id='word_1_85' title='bbox 788 1626 989 1713; x_wconf 83' lang='lat' dir='ltr'><em>incendia</em></span> <span class='ocrx_word' id='word_1_86' title='bbox 1008 1629 1147 1712; x_wconf 87' lang='lat' dir='ltr'><em>lumen</em></span> 
     </span>
     <span class='ocr_line' id='line_1_14' title="bbox 155 1740 1208 1853; baseline 0 -30"><span class='ocrx_word' id='word_1_87' title='bbox 155 1741 436 1836; x_wconf 85' lang='lat' dir='ltr'><em>Praebebunt,</em></span> <span class='ocrx_word' id='word_1_88' title='bbox 456 1740 691 1853; x_wconf 77' lang='lat' dir='ltr'><em>aliquisque</em></span> <span class='ocrx_word' id='word_1_89' title='bbox 708 1740 821 1822; x_wconf 87' lang='lat' dir='ltr'><em>malo</em></span> <span class='ocrx_word' id='word_1_90' title='bbox 828 1741 921 1852; x_wconf 83' lang='lat' dir='ltr'><em>fuit</em></span> <span class='ocrx_word' id='word_1_91' title='bbox 939 1769 1040 1822; x_wconf 88' lang='lat' dir='ltr'><em>usus</em></span> <span class='ocrx_word' id='word_1_92' title='bbox 1057 1744 1104 1825; x_wconf 89' lang='lat' dir='ltr'><em>in</em></span> <span class='ocrx_word' id='word_1_93' title='bbox 1121 1741 1208 1823; x_wconf 90' lang='lat' dir='ltr'><em>illo.</em></span> 
     </span>
    </p>

    <p class='ocr_par' dir='ltr' id='par_1_13' title="bbox 152 1850 1328 2076">
     <span class='ocr_line' id='line_1_15' title="bbox 152 1850 1328 1965; baseline -0.006 -29"><span class='ocrx_word' id='word_1_94' title='bbox 152 1853 217 1936; x_wconf 89' lang='lat' dir='ltr'><em>At</em></span> <span class='ocrx_word' id='word_1_95' title='bbox 239 1852 454 1965; x_wconf 83' lang='lat' dir='ltr'><em>Clymene,</em></span> <span class='ocrx_word' id='word_1_96' title='bbox 470 1869 693 1964; x_wconf 86' lang='lat' dir='ltr'><em>postquam</em></span> <span class='ocrx_word' id='word_1_97' title='bbox 712 1850 848 1961; x_wconf 76' lang='lat' dir='ltr'><em>dixit,</em></span> <span class='ocrx_word' id='word_1_98' title='bbox 869 1878 1138 1965; x_wconf 86' lang='lat' dir='ltr'><em>quaecuuque</em></span> <span class='ocrx_word' id='word_1_99' title='bbox 1146 1855 1328 1963; x_wconf 84' lang='lat' dir='ltr'><em>fuerunt</em></span> 
     </span>
     <span class='ocr_line' id='line_1_16' title="bbox 154 1963 1183 2076; baseline 0.002 -29"><span class='ocrx_word' id='word_1_100' title='bbox 154 1966 207 2047; x_wconf 85' lang='lat' dir='ltr'><em>ln</em></span> <span class='ocrx_word' id='word_1_101' title='bbox 225 1969 356 2048; x_wconf 89' lang='lat' dir='ltr'><em>tantis</em></span> <span class='ocrx_word' id='word_1_102' title='bbox 373 1963 557 2049; x_wconf 86' lang='lat' dir='ltr'><em>dicenda</em></span> <span class='ocrx_word' id='word_1_103' title='bbox 576 1965 717 2072; x_wconf 84' lang='lat' dir='ltr'><em>malis,</em></span> <span class='ocrx_word' id='word_1_104' title='bbox 740 1965 947 2076; x_wconf 81' lang='lat' dir='ltr'><em>lugubris,</em></span> <span class='ocrx_word' id='word_1_105' title='bbox 965 1982 1183 2059; x_wconf 77' lang='lat' dir='ltr'><em>alannus,</em></span> 
     </span>
    </p>

    <p class='ocr_par' dir='ltr' id='par_1_14' title="bbox 150 2076 1365 2302">
     <span class='ocr_line' id='line_1_17' title="bbox 151 2076 1365 2186; baseline 0.001 -26"><span class='ocrx_word' id='word_1_106' title='bbox 151 2076 214 2160; x_wconf 81' lang='lat' dir='ltr'><em>Et</em></span> <span class='ocrx_word' id='word_1_107' title='bbox 232 2077 397 2161; x_wconf 85' lang='lat' dir='ltr'><em>laniata</em></span> <span class='ocrx_word' id='word_1_108' title='bbox 416 2079 560 2171; x_wconf 90' lang='lat' dir='ltr'><em>sinus,</em></span> <span class='ocrx_word' id='word_1_109' title='bbox 579 2093 708 2159; x_wconf 90' lang='lat' dir='ltr'><em>totum</em></span> <span class='ocrx_word' id='word_1_110' title='bbox 722 2078 959 2186; x_wconf 83' lang='lat' dir='ltr'><em>percensuit</em></span> <span class='ocrx_word' id='word_1_111' title='bbox 977 2079 1137 2186; x_wconf 83' lang='lat' dir='ltr'><em>orbem,</em></span> <span class='ocrx_word' id='word_1_112' title='bbox 1287 2076 1365 2163; x_wconf 76' lang='lat'><em>335</em></span> 
     </span>
     <span class='ocr_line' id='line_1_18' title="bbox 150 2188 1272 2302; baseline 0.003 -31"><span class='ocrx_word' id='word_1_113' title='bbox 150 2188 473 2302; x_wconf 75' lang='lat' dir='ltr'><em>Exanimesque</em></span> <span class='ocrx_word' id='word_1_114' title='bbox 491 2206 609 2272; x_wconf 90' lang='lat' dir='ltr'><em>artus</em></span> <span class='ocrx_word' id='word_1_115' title='bbox 621 2191 777 2299; x_wconf 84' lang='lat' dir='ltr'><em>primo,</em></span> <span class='ocrx_word' id='word_1_116' title='bbox 796 2217 900 2272; x_wconf 76' lang='lat' dir='ltr'><em>mox</em></span> <span class='ocrx_word' id='word_1_117' title='bbox 921 2217 1018 2274; x_wconf 88' lang='lat' dir='ltr'><em>ossa</em></span> <span class='ocrx_word' id='word_1_118' title='bbox 1037 2192 1272 2295; x_wconf 85' lang='lat' dir='ltr'><em>requirens,</em></span> 
     </span>
    </p>
   </div>
   <div class='ocr_carea' id='block_1_4' title="bbox 106 3445 1372 4452">
    <p class='ocr_par' dir='ltr' id='par_1_15' title="bbox 138 3445 1367 3602">
     <span class='ocr_line' id='line_1_19' title="bbox 197 3445 1367 3538; baseline 0.009 -34"><span class='ocrx_word' id='word_1_119' title='bbox 197 3448 260 3505; x_wconf 75' lang='lat'>³23.</span> <span class='ocrx_word' id='word_1_120' title='bbox 282 3450 373 3523; x_wconf 85' lang='lat' dir='ltr'><em>Quem</em></span> <span class='ocrx_word' id='word_1_121' title='bbox 394 3445 493 3529; x_wconf 82' lang='lat' dir='ltr'><em>procul</em></span> <span class='ocrx_word' id='word_1_122' title='bbox 513 3473 528 3508; x_wconf 82' lang='grc' dir='ltr'>ι</span> <span class='ocrx_word' id='word_1_123' title='bbox 549 3451 645 3532; x_wconf 75' lang='lat' dir='ltr'><em>patrii.</em></span> <span class='ocrx_word' id='word_1_124' title='bbox 667 3450 765 3532; x_wconf 74' lang='lat' dir='ltr'><em>Longe</em></span> <span class='ocrx_word' id='word_1_125' title='bbox 789 3459 862 3512; x_wconf 84' lang='lat' dir='ltr'><em>enim</em></span> <span class='ocrx_word' id='word_1_126' title='bbox 883 3452 973 3514; x_wconf 85' lang='lat' dir='ltr'><em>Italia</em></span> <span class='ocrx_word' id='word_1_127' title='bbox 995 3460 1150 3536; x_wconf 81' lang='lat' dir='ltr'><em>Padusque</em></span> <span class='ocrx_word' id='word_1_128' title='bbox 1169 3460 1206 3516; x_wconf 79' lang='lat' dir='ltr'><em>ab</em></span> <span class='ocrx_word' id='word_1_129' title='bbox 1226 3457 1367 3538; x_wconf 75' lang='lat' dir='ltr'><em>AEtliiopia</em></span> 
     </span>
     <span class='ocr_line' id='line_1_20' title="bbox 138 3539 257 3602; baseline 0.017 -4"><span class='ocrx_word' id='word_1_130' title='bbox 138 3539 257 3602; x_wconf 73' lang='lat' dir='ltr'><em>distant.</em></span> 
     </span>
    </p>

    <p class='ocr_par' dir='ltr' id='par_1_16' title="bbox 138 3637 1369 3811">
     <span class='ocr_line' id='line_1_21' title="bbox 200 3637 1369 3721; baseline 0.002 -26"><span class='ocrx_word' id='word_1_131' title='bbox 200 3643 266 3713; x_wconf 58' lang='lat'><em>324.</em></span> <span class='ocrx_word' id='word_1_132' title='bbox 286 3637 432 3695; x_wconf 77' lang='lat' dir='ltr'><em>Eridanus.</em></span> <span class='ocrx_word' id='word_1_133' title='bbox 446 3637 565 3694; x_wconf 72' lang='lat' dir='ltr'><em>Flavius</em></span> <span class='ocrx_word' id='word_1_134' title='bbox 584 3639 704 3706; x_wconf 83' lang='lat' dir='ltr'><em>ltaliae,</em></span> <span class='ocrx_word' id='word_1_135' title='bbox 724 3643 773 3716; x_wconf 85' lang='lat' dir='ltr'><em>qui</em></span> <span class='ocrx_word' id='word_1_136' title='bbox 793 3642 854 3698; x_wconf 86' lang='lat' dir='ltr'><em>alio</em></span> <span class='ocrx_word' id='word_1_137' title='bbox 873 3646 988 3699; x_wconf 85' lang='lat' dir='ltr'><em>nomiae</em></span> <span class='ocrx_word' id='word_1_138' title='bbox 1000 3644 1099 3699; x_wconf 83' lang='lat' dir='ltr'><em>Padus</em></span> <span class='ocrx_word' id='word_1_139' title='bbox 1119 3644 1233 3700; x_wconf 77' lang='lat' dir='ltr'><em>dicitur.</em></span> <span class='ocrx_word' id='word_1_140' title='bbox 1254 3644 1369 3721; x_wconf 75' lang='lat' dir='ltr'><em>Excipit.</em></span> 
     </span>
     <span class='ocr_line' id='line_1_22' title="bbox 138 3731 1173 3811; baseline 0.004 -23"><span class='ocrx_word' id='word_1_141' title='bbox 138 3736 235 3807; x_wconf 77' lang='lat' dir='ltr'><em>Lange</em></span> <span class='ocrx_word' id='word_1_142' title='bbox 253 3735 358 3809; x_wconf 84' lang='lat' dir='ltr'><em>quippe</em></span> <span class='ocrx_word' id='word_1_143' title='bbox 378 3731 416 3786; x_wconf 83' lang='lat' dir='ltr'><em>ab</em></span> <span class='ocrx_word' id='word_1_144' title='bbox 435 3731 580 3807; x_wconf 80' lang='lat' dir='ltr'><em>AEtliiopia</em></span> <span class='ocrx_word' id='word_1_145' title='bbox 600 3731 691 3788; x_wconf 86' lang='lat' dir='ltr'><em>distat</em></span> <span class='ocrx_word' id='word_1_146' title='bbox 711 3732 861 3793; x_wconf 80' lang='lat' dir='ltr'><em>Eridanus</em></span> <span class='ocrx_word' id='word_1_147' title='bbox 880 3736 988 3791; x_wconf 86' lang='lat' dir='ltr'><em>ltaliae</em></span> <span class='ocrx_word' id='word_1_148' title='bbox 999 3737 1074 3811; x_wconf 76' lang='lat' dir='ltr'><em>flua.</em></span> <span class='ocrx_word' id='word_1_149' title='bbox 1095 3757 1173 3792; x_wconf 77' lang='lat' dir='ltr'><em>max.</em></span> 
     </span>
    </p>

    <p class='ocr_par' dir='ltr' id='par_1_17' title="bbox 135 3821 1371 4083">
     <span class='ocr_line' id='line_1_23' title="bbox 194 3821 1371 3900; baseline 0.005 -23"><span class='ocrx_word' id='word_1_150' title='bbox 194 3823 258 3878; x_wconf 75' lang='lat' dir='ltr'><em>Fan.</em></span> <span class='ocrx_word' id='word_1_151' title='bbox 278 3823 305 3877; x_wconf 80' lang='grc' dir='ltr'><em>ΙΙ</em></span> <span class='ocrx_word' id='word_1_152' title='bbox 325 3834 354 3878; x_wconf 90' lang='lat' dir='ltr'><em>et</em></span> <span class='ocrx_word' id='word_1_153' title='bbox 373 3821 424 3880; x_wconf 79' lang='grc' dir='ltr'><strong>ΙΙΙ.</strong></span> <span class='ocrx_word' id='word_1_154' title='bbox 446 3825 514 3900; x_wconf 75' lang='lat' dir='ltr'><em>Arg.</em></span> <span class='ocrx_word' id='word_1_155' title='bbox 534 3823 668 3898; x_wconf 66' lang='lat' dir='ltr'><em>Naiades</em></span> <span class='ocrx_word' id='word_1_156' title='bbox 689 3825 847 3898; x_wconf 73' lang='lat' dir='ltr'><em>Hesperiae</em></span> <span class='ocrx_word' id='word_1_157' title='bbox 853 3855 863 3891; x_wconf 80' lang='lat'><em>,</em></span> <span class='ocrx_word' id='word_1_158' title='bbox 883 3847 923 3881; x_wconf 85' lang='lat' dir='ltr'><em>ee.</em></span> <span class='ocrx_word' id='word_1_159' title='bbox 945 3827 1061 3886; x_wconf 78' lang='lat' dir='ltr'><em>Sorores</em></span> <span class='ocrx_word' id='word_1_160' title='bbox 1081 3827 1268 3893; x_wconf 74' lang='lat' dir='ltr'><em>l&#39;baiithouis,</em></span> <span class='ocrx_word' id='word_1_161' title='bbox 1289 3826 1371 3884; x_wconf 70' lang='lat' dir='ltr'><em>Phas-</em></span> 
     </span>
     <span class='ocr_line' id='line_1_24' title="bbox 137 3915 1371 3992; baseline 0.002 -21"><span class='ocrx_word' id='word_1_162' title='bbox 137 3915 235 3984; x_wconf 80' lang='lat' dir='ltr'><em>tbusu,</em></span> <span class='ocrx_word' id='word_1_163' title='bbox 255 3916 418 3992; x_wconf 79' lang='lat' dir='ltr'><em>Lampetie,</em></span> <span class='ocrx_word' id='word_1_164' title='bbox 438 3929 466 3970; x_wconf 87' lang='lat' dir='ltr'><em>et</em></span> <span class='ocrx_word' id='word_1_165' title='bbox 487 3915 618 3983; x_wconf 84' lang='lat' dir='ltr'><em>Phoebe,</em></span> <span class='ocrx_word' id='word_1_166' title='bbox 645 3938 741 3975; x_wconf 82' lang='lat' dir='ltr'><em>casum</em></span> <span class='ocrx_word' id='word_1_167' title='bbox 768 3919 863 3976; x_wconf 80' lang='lat' dir='ltr'><em>fratris</em></span> <span class='ocrx_word' id='word_1_168' title='bbox 888 3919 1028 3978; x_wconf 79' lang='lat' dir='ltr'><em>deflentes</em></span> <span class='ocrx_word' id='word_1_169' title='bbox 1047 3920 1165 3977; x_wconf 86' lang='lat' dir='ltr'><em>deorum</em></span> <span class='ocrx_word' id='word_1_170' title='bbox 1186 3922 1371 3979; x_wconf 79' lang='lat' dir='ltr'><em>misericordia</em></span> 
     </span>
     <span class='ocr_line' id='line_1_25' title="bbox 135 4003 692 4083; baseline 0.004 -21"><span class='ocrx_word' id='word_1_171' title='bbox 135 4006 165 4062; x_wconf 88' lang='lat' dir='ltr'><em>iu</em></span> <span class='ocrx_word' id='word_1_172' title='bbox 185 4006 300 4061; x_wconf 81' lang='lat' dir='ltr'><em>arbores</em></span> <span class='ocrx_word' id='word_1_173' title='bbox 321 4003 455 4083; x_wconf 81' lang='lat' dir='ltr'><em>populeas</em></span> <span class='ocrx_word' id='word_1_174' title='bbox 475 4020 597 4064; x_wconf 78' lang='lat' dir='ltr'><em>mutatae</em></span> <span class='ocrx_word' id='word_1_175' title='bbox 616 4021 692 4066; x_wconf 77' lang='lat' dir='ltr'><em>suut.</em></span> 
     </span>
    </p>

    <p class='ocr_par' dir='ltr' id='par_1_18' title="bbox 193 4096 1370 4178">
     <span class='ocr_line' id='line_1_26' title="bbox 193 4096 1370 4178; baseline 0.004 -26"><span class='ocrx_word' id='word_1_176' title='bbox 193 4102 257 4154; x_wconf 79' lang='lat'><strong>³25.</strong></span> <span class='ocrx_word' id='word_1_177' title='bbox 278 4096 400 4173; x_wconf 78' lang='lat' dir='ltr'><em>Nrjudes</em></span> <span class='ocrx_word' id='word_1_178' title='bbox 420 4099 582 4175; x_wconf 82' lang='lat' dir='ltr'><em>Hesperiae.</em></span> <span class='ocrx_word' id='word_1_179' title='bbox 596 4102 748 4178; x_wconf 68' lang='lat' dir='ltr'><em>Nymphae</em></span> <span class='ocrx_word' id='word_1_180' title='bbox 760 4102 884 4158; x_wconf 81' lang='lat' dir='ltr'><em>Italicae</em></span> <span class='ocrx_word' id='word_1_181' title='bbox 904 4123 940 4159; x_wconf 87' lang='lat' dir='ltr'><em>ac</em></span> <span class='ocrx_word' id='word_1_182' title='bbox 960 4106 1161 4161; x_wconf 82' lang='lat' dir='ltr'><em>occidentales.</em></span> <span class='ocrx_word' id='word_1_183' title='bbox 1175 4104 1281 4159; x_wconf 77' lang='lat' dir='ltr'><em>‘trifida</em></span> <span class='ocrx_word' id='word_1_184' title='bbox 1296 4105 1370 4159; x_wconf 79' lang='lat' dir='ltr'><em>ssani-</em></span> 
     </span>
    </p>

    <p class='ocr_par' dir='ltr' id='par_1_19' title="bbox 106 4187 1372 4452">
     <span class='ocr_line' id='line_1_27' title="bbox 106 4187 1372 4269; baseline 0.001 -22"><span class='ocrx_word' id='word_1_185' title='bbox 106 4211 112 4223; x_wconf 92' lang='lat'><strong>·</strong></span> <span class='ocrx_word' id='word_1_186' title='bbox 134 4210 190 4248; x_wconf 81' lang='lat' dir='ltr'><em>tm.</em></span> <span class='ocrx_word' id='word_1_187' title='bbox 213 4189 359 4252; x_wconf 76' lang='lat' dir='ltr'><em>Fuluiae,</em></span> <span class='ocrx_word' id='word_1_188' title='bbox 379 4187 457 4262; x_wconf 84' lang='lat' dir='ltr'><em>quod</em></span> <span class='ocrx_word' id='word_1_189' title='bbox 476 4192 515 4243; x_wconf 87' lang='lat' dir='ltr'><em>ita</em></span> <span class='ocrx_word' id='word_1_190' title='bbox 537 4193 718 4268; x_wconf 76' lang='lat' dir='ltr'><em>pingebatur.</em></span> <span class='ocrx_word' id='word_1_191' title='bbox 742 4196 781 4248; x_wconf 87' lang='lat' dir='ltr'><em>Ut</em></span> <span class='ocrx_word' id='word_1_192' title='bbox 800 4198 873 4250; x_wconf 82' lang='lat' dir='ltr'><em>euim</em></span> <span class='ocrx_word' id='word_1_193' title='bbox 895 4195 1003 4250; x_wconf 80' lang='lat' dir='ltr'><em>tridens</em></span> <span class='ocrx_word' id='word_1_194' title='bbox 1016 4195 1150 4269; x_wconf 83' lang='lat' dir='ltr'><em>Neptuno</em></span> <span class='ocrx_word' id='word_1_195' title='bbox 1157 4218 1167 4259; x_wconf 87' lang='lat'><em>,·</em></span> <span class='ocrx_word' id='word_1_196' title='bbox 1187 4197 1229 4249; x_wconf 84' lang='lat' dir='ltr'><em>sic</em></span> <span class='ocrx_word' id='word_1_197' title='bbox 1248 4193 1372 4248; x_wconf 65' lang='lat' dir='ltr'><em>trifidum</em></span> 
     </span>
     <span class='ocr_line' id='line_1_28' title="bbox 121 4281 1371 4362; baseline 0 -24"><span class='ocrx_word' id='word_1_198' title='bbox 121 4281 241 4360; x_wconf 76' lang='lat' dir='ltr'><em>juliaeu</em></span> <span class='ocrx_word' id='word_1_199' title='bbox 261 4282 429 4335; x_wconf 78' lang='lat' dir='ltr'><em>attribuitur</em></span> <span class='ocrx_word' id='word_1_200' title='bbox 447 4283 519 4337; x_wconf 77' lang='lat' dir='ltr'><em>lavi.</em></span> <span class='ocrx_word' id='word_1_201' title='bbox 540 4286 567 4338; x_wconf 91' lang='lat' dir='ltr'><em>A</em></span> <span class='ocrx_word' id='word_1_202' title='bbox 587 4295 607 4339; x_wconf 82' lang='lat' dir='ltr'><em>tr</em></span> <span class='ocrx_word' id='word_1_203' title='bbox 616 4286 694 4359; x_wconf 85' lang='lat' dir='ltr'><em>ipl:ci</em></span> <span class='ocrx_word' id='word_1_204' title='bbox 712 4294 857 4360; x_wconf 83' lang='lat' dir='ltr'><em>potestate</em></span> <span class='ocrx_word' id='word_1_205' title='bbox 876 4290 916 4343; x_wconf 85' lang='lat' dir='ltr'><em>sic</em></span> <span class='ocrx_word' id='word_1_206' title='bbox 935 4287 1040 4343; x_wconf 86' lang='lat' dir='ltr'><em>dictum</em></span> <span class='ocrx_word' id='word_1_207' title='bbox 1062 4287 1176 4343; x_wconf 82' lang='lat' dir='ltr'><em>volunt:</em></span> <span class='ocrx_word' id='word_1_208' title='bbox 1188 4286 1266 4362; x_wconf 82' lang='lat' dir='ltr'><em>serit</em></span> <span class='ocrx_word' id='word_1_209' title='bbox 1287 4288 1371 4349; x_wconf 83' lang='lat' dir='ltr'><em>cuim,</em></span> 
     </span>
     <span class='ocr_line' id='line_1_29' title="bbox 132 4372 455 4452; baseline -0.009 -21"><span class='ocrx_word' id='word_1_210' title='bbox 132 4386 281 4452; x_wconf 82' lang='lat' dir='ltr'><em>penetrat,</em></span> <span class='ocrx_word' id='word_1_211' title='bbox 300 4385 327 4432; x_wconf 77' lang='lat' dir='ltr'><em>et</em></span> <span class='ocrx_word' id='word_1_212' title='bbox 347 4372 455 4430; x_wconf 75' lang='lat' dir='ltr'><em>adurit.</em></span> 
     </span>
    </p>
   </div>
   <div class='ocr_carea' id='block_1_5' title="bbox 0 0 1508 5160">
    <p class='ocr_par' dir='ltr' id='par_1_20' title="bbox 0 0 1508 5160">
     <span class='ocr_line' id='line_1_30' title="bbox 0 0 1508 5160; baseline 0 3"><span class='ocrx_word' id='word_1_213' title='bbox 0 0 1508 5160; x_wconf 95' lang='lat' dir='ltr'><em> </em></span> 
     </span>
    </p>
   </div>
  </div>
 </body>
</html>
