3038 5154
229 265 302 378 176
553 295 587 351 Ρ.
607 295 733 356 ovum
751 293 915 355 nssosts

140 411 239 494 Sors
257 439 348 492 mea
361 410 583 521 principiis
591 411 681 521 fuit
700 410 1150 523 irrequietafflugetque

141 523 346 606 Actorum
364 523 559 633 sincfine
576 526 697 616 mibi,
716 526 806 605 sine
824 525 999 616 bonore,
1018 523 1215 605 laberian.

145 635 329 747 Quilibet
345 636 452 718 alter
459 653 561 751 agat
574 654 787 748 portantes
805 638 961 718 lumina
980 665 1147 721 currus:

142 750 192 832 Si
207 779 326 832 nemo
343 767 430 845 est,
450 779 667 862 omnesque
685 750 773 832 Dei
788 779 870 831 non
885 776 1008 860 passe
1016 750 1212 858 fatentur
1216 788 1228 843 ;

143 862 238 971 Ipse
254 880 379 975 agat:
390 880 434 944 ut
451 862 616 970 saltem,
632 861 730 943 dum
738 879 901 945 nostras
912 879 1042 943 tentat
1053 861 1249 953 habenas,
1262 860 1339 974 390

145 974 352 1056 Orbatura
366 992 508 1086 patres
526 973 755 1086 aliquando
763 976 950 1084 fulmina
962 991 1105 1085 ponat.

146 1084 250 1167 Tum
269 1089 397 1188 sciet,
416 1084 657 1202 ignipedum
675 1089 777 1170 eires
796 1104 992 1196 expertus
1009 1114 1230 1199 equorsuu,

145 1196 243 1281 Non
262 1201 459 1283 meruisse
475 1228 630 1300 necem,
649 1202 723 1310 (μα’
737 1229 821 1283 reon
839 1202 938 1281 bene
955 1201 1109 1280 rexerit
1127 1197 1235 1281 illos.

147 1311 272 1394 Talia
290 1312 494 1395 dicentem
511 1328 782 1397 circumstant
801 1314 939 1393 omru'a
961 1312 1097 1394 Solem

145 1421 347 1507 Numina:
367 1455 464 1512 neve
482 1428 575 1509 velit
594 1426 778 1506 tenebras
796 1422 992 1507 inducere
1010 1426 1148 1516 rebus,
1265 1424 1342 1535 395

145 1536 339 1646 Supplice
358 1567 454 1622 vace
472 1554 644 1652 rugant.-
662 1540 810 1620 missas
829 1566 988 1649 quaque
1005 1536 1169 1647 Jupiter
1183 1536 1304 1648 ignes

144 1645 372 1744 Excusat,
385 1652 657 1762 precibusque
674 1652 809 1731 minas
827 1649 1024 1763 regaliter
1038 1647 1172 1732 addit.

145 1757 165 1869 (
188 1759 360 1876 Colligit
376 1781 572 1871 amentes,
592 1779 630 1845 et
649 1760 788 1846 adbuc
806 1780 956 1845 tenure
968 1777 1187 1872 paventes,

147 1872 338 1958 Phoebus
355 1905 496 1989 equos:
515 1876 760 1986 stimuloque
776 1873 953 1959 densans
969 1890 1011 1955 et
1029 1875 1185 1957 verbere
1202 1879 1342 1958 saevit:

147 1985 423 2082 baesitenim,
436 2005 656 2100 natumque
675 1987 850 2098 objectat
868 2005 907 2070 et
918 1989 1092 2096 inmutat
1103 1984 1222 2097 illis.)
1260 1997 1340 2094 400
