3008 5160
330 256 384 354 24
651 270 687 330 r.
714 271 844 332 ovum
870 271 1037 333 ussons

245 389 487 504 Affectasse
494 392 640 502 ferunt
657 420 829 505 regnum
846 392 1022 475 caeleste
1041 387 1267 507 Gigantes,-

245 508 432 619 Altaqne
448 520 669 618 congestos
685 507 892 587 struxisse
908 503 972 586 ad
984 502 1125 587 sidera
1142 519 1312 588 montes.

247 619 353 701 Tum
365 633 487 728 poter
500 617 755 727 omnipotens
771 617 899 700 misso
911 617 1112 729 perfregit
1131 615 1355 728 Olympum

247 730 455 823 Fnlrnine,
473 745 513 810 et
529 729 719 812 excussit
735 729 963 842 subjectum
980 730 1127 812 Pelion
1148 730 1292 813 Ossae.
1378 721 1454 809 155

249 843 409 925 Obruta
426 842 531 924 mole
548 843 628 924 suci
644 870 739 926 cum
756 869 932 951 corporo
950 840 1045 924 dira
1052 844 1271 955 jacerent,

246 954 466 1063 Perfusam
483 954 610 1037 mnlto
627 970 818 1036 naconem
835 957 1044 1068 sanguine
1061 971 1212 1037 terram

246 1065 518 1148 Imrnadnisse
526 1068 693 1177 ferunt,
711 1065 975 1180 calidumque
992 1068 1201 1149 animasse
1219 1094 1429 1150 cruorem:

245 1177 309 1261 Et
333 1208 385 1260 ne
403 1178 520 1261 nulla
528 1180 650 1288 ferae
667 1181 810 1288 stirpis
827 1197 1088 1263 monumenta
1106 1195 1335 1272 monerent,

247 1292 299 1372 In
308 1291 470 1400 factem
488 1293 652 1375 vertisse
670 1293 893 1391 hominium
910 1291 1043 1375 sedet
1060 1293 1136 1375 illa
1150 1318 1342 1406 propago
1379 1285 1457 1373 160

251 1401 535 1513 Contemptrix
552 1404 770 1515 Superum,
790 1432 1014 1517 saevaeque
1030 1405 1274 1489 avidissimo
1295 1399 1460 1495 caedis,

248 1514 312 1599 Et
329 1515 506 1598 violenta
512 1516 621 1625 fuit:
637 1518 765 1601 scires
782 1549 805 1599 e
822 1519 1029 1631 sanguine
1047 1535 1202 1599 natam.

308 1626 427 1738 Quae
437 1645 562 1738 pater
576 1646 621 1709 ut
637 1635 799 1712 scamna⁴
815 1628 920 1713 vidit
935 1631 1156 1713 Saturnius
1173 1659 1288 1722 arce,

249 1740 448 1851 Ingemit.-
465 1758 505 1820 et
511 1741 637 1850 sacto
654 1741 840 1851 nondum
857 1743 1028 1856 vulgata
1045 1742 1202 1824 recenti

248 1850 394 1934 Foeda
411 1854 657 1964 Lycaoniae
674 1855 853 1964 referens
870 1856 1057 1939 convivia
1075 1883 1256 1945 mensae,
1381 1850 1460 1936 165

249 1965 443 2075 Ingentes
461 1968 621 2062 animo,
638 1984 678 2047 et
695 1966 854 2080 dignas
870 1967 988 2060 Jove,
1007 1967 1196 2077 concepit
1213 1966 1323 2059 iras,

254 2074 561 2189 conciliumque
579 2096 720 2166 vocat.-
737 2081 868 2161 tenuit
885 2109 1000 2162 mora
1017 2080 1135 2161 milia
1153 2095 1333 2166 vocatos.

329 3408 553 3513 nominitamus
572 3413 728 3476 hominum.
749 3425 783 3478 ln
793 3425 926 3500 sormam
944 3442 973 3490 et
981 3436 1115 3514 figuram
1134 3444 1298 3507 humanam.
1320 3457 1372 3511 Sic
1391 3458 1463 3515 dici·

263 3507 325 3564 tur,
341 3497 442 3571 sacres
466 3504 571 3570 maris,
581 3504 683 3580 socies
702 3513 774 3567 coeii
780 3553 790 3578 ,
808 3534 848 3572 ec.
872 3520 1008 3600 Adeoque
1032 3533 1122 3587 onan
1145 3547 1267 3595 externa
1294 3551 1409 3618 species
1435 3562 1465 3606 et

262 3585 372 3654 forma,
391 3589 481 3645 oculis
499 3597 655 3664 exposita,
666 3597 766 3674 facies
784 3609 958 3680 appellatur.
977 3618 1051 3670 Hinc
1069 3624 1239 3695 superficies.

328 3677 476 3747 ὤφθη
496 3692 575 3755 pater
594 3702 635 3740 ec.
662 3690 778 3762 iupiter
802 3708 941 3755 convocat
960 3704 1094 3777 Superos.
1114 3714 1173 3768 Via
1195 3720 1315 3776 Lactea.

328 3769 388 3819 163.
405 3765 499 3821 Foeda
524 3773 659 3830 convivia.
681 3780 791 3847 Tetra,
817 3784 955 3846 crudelia.
974 3792 1049 3848 Nam
1076 3799 1193 3872 Lycaon
1218 3807 1341 3885 Pelasgi
1355 3815 1468 3887 filius,

260 3853 383 3925 hospitio
401 3865 558 3928 susceptos,
577 3880 633 3917 non
652 3866 743 3922 solum
762 3872 964 3948 interficiebat,
982 3884 1034 3938 sed
1051 3891 1140 3943 etiam
1164 3910 1197 3946 co

278 3944 283 3960 Ι
1198 3898 1287 3952 nvivis
1311 3907 1468 3961 comeden-

262 3959 315 3996 aos
333 3945 502 4015 apponebat.
525 3949 609 4020 Quod
627 3972 690 4007 cum
708 3961 823 4033 tupiter
840 3970 1020 4039 cognovisset
1040 3975 1157 4054 ejusque
1168 3979 1282 4041 domurn
1296 3992 1470 4066 ingressus,

254 4031 362 4107 jactas
379 4033 500 4090 insidias
519 4045 719 4114 comperisset,·
739 4060 768 4104 et
785 4051 899 4111 domum
918 4061 1056 4131 incendit,
1076 4078 1105 4122 et

264 4123 375 4179 animai
393 4128 607 4197 rapacissimum
626 4143 773 4193 consertis.

327 4218 390 4283 ⁴⁶7·
402 4215 615 4294 Conciliumquc
636 4239 726 4282 vocat.
745 4234 790 4287 De
808 4257 857 4292 ιιι.
868 4241 1036 4300 consiliariis

264 4303 371 4360 censuit
391 4306 564 4377 antiquitas,
584 4314 712 4371 nonnihil
730 4320 852 4382 Turneb.
871 4327 891 4383 i.
916 4332 950 4385 25
970 4349 1034 4409 cap.

1124 4073 1287 4146 Lycaonem
1306 4085 1340 4136 in
1365 4087 1472 4162 lupum

1054 4258 1081 4302 et
1101 4260 1288 4320 assessoribus
1310 4269 1418 4339 lovis,
1436 4282 1468 4327 ni

1058 4358 1089 4392 so
1110 4343 1263 4405 Advertar.
