3008 5160
214 228 269 319 32
547 254 583 316 e.
601 250 730 319 onon
746 240 913 310 siconis
998 238 1007 249 ·

132 368 225 461 Nec
244 387 460 459 contentus
477 400 546 469 eo,
564 373 685 455 missi
699 366 892 485 degente
910 362 1109 449 Molossa

133 488 305 571 Obsidis
323 490 446 569 unius
453 484 654 601 jugulum
671 508 865 565 mtecrone
883 478 1068 563 resolvit:

131 602 274 713 Atque
292 603 354 682 ita
372 602 595 682 semineces
608 598 764 709 partim
773 591 1033 701 ferventibus
1050 605 1168 672 artus

132 714 280 799 Mollit
297 715 436 826 aqieis,
450 715 605 823 partim
625 708 808 821 subjecto
826 705 974 787 torruit
993 704 1097 833 igni.

134 826 252 939 Quos
270 826 398 907 simul
410 825 603 936 imposuit
622 823 788 911 mensis,
808 846 886 931 ego
899 814 1062 899 vindice
1061 812 1247 930 flammei
1262 810 1341 895 230

132 938 185 1021 ln
203 936 431 1031 douu'num,
451 936 684 1050 dignosque
700 932 827 1016 everti
843 946 952 1010 tecta
970 928 1163 1009 Penates.

133 1050 177 1131 Τ
171 1052 320 1131 amitus
337 1050 425 1159 ipse
432 1051 573 1161 fugit,
591 1062 821 1153 nactusque
838 1042 1007 1123 silentia
1024 1043 1135 1121 ruris

131 1160 363 1254 Exnlulat,
372 1164 620 1272 frustraque
638 1158 756 1266 loqui
772 1170 965 1239 conatur.-
983 1152 1145 1261 abipso

135 1272 306 1387 Colligit
325 1302 371 1354 os
389 1274 561 1359 rabiem:
579 1271 805 1379 solitaeque
823 1264 1021 1376 crepidine
1039 1263 1184 1346 caedis

135 1386 280 1469 Utitur
294 1389 340 1467 in
352 1382 560 1496 pecudes,
583 1400 622 1464 et
641 1408 754 1462 ntenc
772 1407 932 1490 qteoque
950 1378 1156 1489 sanguine
1173 1371 1341 1490 gaudet.

131 1488 183 1581 in
203 1498 321 1581 villos
338 1500 489 1577 abeunt
507 1513 652 1587 vestes,
671 1495 717 1573 in
735 1519 859 1573 cntra
878 1490 1038 1581 lacerti,
1263 1481 1341 1569 236

131 1610 204 1694 Fit
223 1610 361 1719 lupus;
379 1627 419 1690 et
437 1609 582 1692 ueteris
600 1621 735 1689 servat
753 1602 928 1715 uestigia
937 1603 1126 1712 formae.-

135 1720 321 1805 Canities
337 1719 482 1803 eadem
499 1735 577 1812 est,
595 1715 739 1799 eadem
758 1714 953 1795 violentia
972 1713 1129 1807 sueltus,

131 1834 264 1918 Iidem
283 1833 398 1916 oculi
413 1833 570 1940 lucent⁷
592 1828 737 1911 eadem
746 1826 937 1935 feritatis
954 1826 1108 1938 imago.

201 3320 264 3373 aas.
278 3314 317 3370 De
336 3326 419 3391 gente
438 3311 568 3369 Molosso.
585 3313 727 3379 Molossi,
752 3313 853 3388 popieli
877 3322 944 3369 sunt
963 3316 1077 3390 prri,
1103 3318 1124 3369 et
1149 3316 1250 3393 quibus
1267 3314 1338 3373 tetta

138 3410 218 3465 vietis
237 3408 356 3479 Lycaon
375 3404 486 3461 obsides
504 3411 655 3480 acceperat
665 3445 674 3472 ‚
694 3421 813 3479 quorum
833 3422 919 3459 unum
932 3404 1102 3480 jugulavit,
1122 3415 1154 3461 ut
1174 3409 1268 3484 ipsun
1290 3408 1338 3462 lo·

139 3502 170 3555 oi
191 3503 356 3572 apponeret.

204 3592 267 3643 230.
286 3588 364 3659 Quos
382 3584 465 3643 simul
484 3584 615 3663 imposuit
635 3585 748 3642 mensis.
768 3588 830 3640 Hae
849 3586 981 3661 Hyginus
997 3586 1046 3642 lib.
1069 3608 1084 3643 a
1105 3590 1150 3643 tit.
1176 3585 1334 3663 Arctopiy·

139 3680 210 3747 lux,
229 3676 319 3753 refert
339 3676 378 3733 de
396 3676 512 3733 Arcade
532 3677 687 3732 calistonis
695 3675 780 3750 filio,
798 3692 883 3731 caeso
904 3677 924 3728 ὰ
945 3674 1087 3749 Lycaone.
1100 3678 1210 3735 Verum
1222 3674 1334 3733 ttente

134 3772 281 3849 sab.176.
297 3778 416 3835 namet,
435 3770 672 3845 lycaonisfllios
689 3770 790 3824 Jouen
810 3776 991 3835 tentaturos,
1010 3770 1082 3826 deus
1101 3788 1136 3824 ne
1159 3777 1253 3835 esset,
1276 3785 1336 3823 ear·

142 3880 205 3919 nen
223 3860 376 3915 burianam
394 3880 458 3916 cum
477 3862 539 3916 alia
557 3863 678 3916 mixtam
691 3860 718 3914 ei
737 3860 767 3912 in
785 3858 871 3933 epulo
882 3862 1058 3933 apposuisse.
1074 3859 1160 3933 Quod
1170 3859 1267 3914 itidem
1278 3866 1333 3913 tre·

142 3954 186 4009 dit
198 3950 389 4027 Apollodorus
401 3956 426 4006 3.
439 3952 486 4006 lib.
498 3953 599 4010 Natat.
611 3956 711 4007 Comes
722 3951 770 4006 lib.
784 3971 803 4023 9
815 3968 879 4025 cap.
890 3970 918 4022 9.
926 3951 1021 4006 scribit
1032 3954 1193 4025 Lycaonem
1203 3952 1232 4004 ia
1243 3951 1335 4024 lupun

143 4063 275 4110 versum,
294 4043 370 4119 quod
391 4047 420 4098 in
438 4062 493 4099 ara
512 4046 592 4100 lovis
611 4046 716 4117 Lycaei
734 4041 849 4119 infante
859 4051 988 4097 mactato
1000 4042 1152 4098 humanum
1175 4044 1336 4117 sanguinem

144 4134 293 4192 libaverat.
313 4138 463 4191 Boeaatius
481 4134 572 4209 resert
590 4138 752 4210 Lycaonem
771 4134 895 4191 obsidem
915 4132 1081 4191 tuatonis
1095 4134 1211 4191 devictis
1221 4135 1276 4191 sibi
1287 4132 1335 4187 da·

146 4235 224 4291 tum,
243 4224 404 4283 eorumdem
423 4226 528 4298 legatis
547 4227 735 4298 repetentibus
753 4223 895 4281 edendum
914 4226 1091 4299 apposuisse.
1106 4224 1200 4282 Aliter
1214 4224 1333 4280 oteness

147 4316 232 4374 Alea.
251 4314 394 4373 Admonit.
405 4314 446 4373 ad
456 4324 564 4391 gentes.
573 4316 667 4374 Aliter
686 4316 852 4375 Pausanias
869 4316 899 4373 in
917 4318 1028 4375 Atticis.
