3038 5154
243 262 324 351 250
578 287 614 349 r.
641 288 771 348 otton
787 287 953 352 tttsous
1032 344 1037 351 .

149 405 236 489 Illa'
245 404 363 516 forte
380 401 451 486 die
470 419 614 488 castae
632 403 686 487 de
703 432 814 487 mone
827 405 994 514 puellae

154 516 203 606 V
193 520 321 602 ertice
339 517 552 628 supposito
559 517 703 626 festas
719 518 766 600 in
784 517 983 604 Palladis
1000 547 1122 603 arces

149 631 266 715 Pura
284 631 496 716 coronatis
509 633 734 741 portabant
752 658 879 715 sacra
896 632 1108 716 canistris.

148 742 255 828 Inde
272 760 513 829 revertentes
531 743 653 829 Deus
670 744 824 854 aspicit
842 744 946 833 ales:
963 749 1121 856 iterque

150 856 249 942 Non
268 859 360 1051 opit
378 857 422 938 in
441 874 597 940 rectum
605 898 618 955 ,·
637 855 775 942 sedin
791 857 928 940 orbem
945 873 1090 943 curvat
1107 855 1296 944 eundem.

152 969 211 1054 Ut
228 998 286 1054 uo
303 970 417 1053 ucris
435 970 544 1052 visis
561 967 831 1080 rapidissima
851 970 1013 1055 miluius
1030 973 1167 1063 catis,
1291 968 1365 1081 716

149 1082 267 1168 Dum
286 1085 416 1177 timet,
435 1100 474 1163 et
491 1081 615 1166 densi
630 1084 902 1166 circumstant
919 1113 1044 1169 sacra
1062 1084 1270 1181 ministri,

148 1195 357 1280 Flectitur
371 1196 416 1276 in
431 1224 608 1309 gyrum·
627 1224 704 1278 nac
723 1195 892 1308 longius
910 1196 1036 1280 audet
1054 1198 1196 1284 abite:

149 1308 349 1420 Spemque
366 1337 488 1390 suam
505 1310 626 1391 motis
644 1306 793 1392 aridus
811 1310 1079 1395 circumvolat
1096 1311 1194 1395 alis.

147 1421 221 1505 Sic
238 1449 362 1531 super
377 1421 567 1503 Actaeas
584 1422 714 1536 agilis
736 1418 953 1532 Cyllenius
970 1451 1090 1506 arces
1290 1450 1361 1532 72⁰

147 1535 333 1619 Inclinat
351 1562 519 1621 cursus:
536 1551 576 1616 et
593 1534 759 1618 easdem
777 1536 958 1618 circinat
975 1563 1115 1619 auras.

147 1645 320 1842 {panto
336 1644 613 1757 splendidior,
632 1674 758 1760 quam
776 1664 942 1730 caetera
959 1647 1120 1755 sidera,
1131 1647 1278 1762 fulget

215 1759 338 1868 cifar;
356 1775 396 1841 at
414 1777 569 1870 quanto
588 1776 652 1856 tc,
671 1760 862 1871 Lucifer,
882 1791 1010 1844 auma
1029 1760 1215 1858 Phoebe,-

149 1870 287 1954 Tanto
304 1874 541 1986 uirginibus
554 1874 838 1983 praestantior
852 1875 1040 1957 omnibus
1058 1873 1192 1955 Herse
1287 1879 1359 1983 724

147 1983 265 2073 Ibat:
283 2002 451 2096 eratque
468 1983 597 2069 decas
609 2015 806 2096 pompae,
825 1987 1100 2100 comitumque
1117 2014 1301 2069 suarum.

151 2095 373 2208 Obstupuit
381 2098 527 2207 forma'
543 2099 645 2184 Jove
661 2116 805 2186 natus.-
822 2116 862 2181 et
879 2100 1041 2182 aetham
1053 2095 1244 2210 pandens

194 3573 260 3625 7¹¹·
279 3550 329 3609 tlte
350 3550 431 3608 forte.
453 3553 487 3607 u
512 3552 693 3610 celeberrimo
720 3552 855 3610 trattati:
874 3552 973 3628 sesto,
994 3554 1041 3608 cui
1065 3552 1129 3609 binc
1155 3571 1257 3611 nomen
1276 3564 1359 3622 mtt-

140 3633 247 3729 φὲρια,
270 3642 397 3717 uirgines
416 3640 523 3697 nabiles
543 3659 579 3696 ac
598 3642 708 3699 nubiles
727 3645 855 3699 canistra
866 3640 1008 3717 serebant
1027 3644 1123 3710 Deae,
1135 3645 1165 3698 in
1185 3644 1287 3720 quibus
1310 3647 1361 3699 ine·

133 3739 201 3789 rant
219 3750 256 3789 ea
274 3746 351 3806 quae
369 3728 412 3785 ati
432 3730 703 3787 Panatbenaeoram
714 3741 744 3788 et
755 3732 882 3789 aliarum
894 3750 1063 3807 pomparum
1076 3749 1162 3788 sacra
1174 3733 1359 3807 pertinebant.

192 3829 256 3895 714.
276 3823 354 3878 Deus
374 3821 441 3878 ales.
461 3824 625 3879 Mercurius
643 3826 725 3880 citus.
753 3826 883 3881 Omnium
909 3826 983 3880 enim
1013 3824 1198 3898 planetarum
1224 3825 1364 3881 celerrime

132 3932 214 3971 suum
233 3913 347 3988 conjicit
366 3932 488 3969 cursum.

191 4007 253 4076 715.
273 4000 330 4060 Sed
350 4002 379 4059 in
398 4002 496 4060 orbem
516 4014 616 4060 currat
639 4001 771 4060 eundem.
792 4006 825 4059 tn
845 4006 940 4063 orbem
970 4007 1036 4066 ideo
1062 4005 1177 4064 uolasse
1202 4006 1364 4073 dicitur,ut

131 4093 242 4150 diutius
262 4103 381 4167 aspectu
402 4095 507 4150 Herses
526 4103 645 4149 artatae
654 4092 821 4168 jrtteretur.

191 4203 254 4256 7²⁰·
275 4182 366 4259 Super
387 4183 507 4239 Actaeus
525 4203 611 4240 arces.
631 4183 824 4242 Athenienses.

187 4293 250 4346 t21·
272 4271 395 4330 Inclinat
415 4292 522 4330 cursus.
544 4278 688 4332 Convertit
708 4276 830 4333 rotatus.
861 4273 992 4336 circinat.
1022 4279 1196 4349 circundat,
1213 4290 1242 4342 et
1263 4284 1291 4336 t'a
1315 4299 1364 4355 gy·

131 4384 193 4420 rum
213 4367 304 4422 votat.
