3008 5160
223 249 298 349 ¹⁰4
555 262 589 321 r.
617 263 744 369 prum
770 264 932 325 nssons

134 381 192 466 Ut
210 384 340 465 lenita
357 382 455 465 Dea
473 398 554 479 est;
572 382 707 464 vultus
724 383 839 492 capit
856 383 934 465 illa
947 382 1107 491 priores
1121 423 1134 466 .-

130 495 300 607 Fitque,
319 492 433 609 quod
448 510 545 575 ante
552 492 644 602 fuit
656 536 668 580 .·
675 494 855 608 fugiunt
871 493 925 578 de
943 521 1111 603 corpore
1122 507 1255 586 setae,

134 606 299 692 Cornua
317 605 651 716 decrescunt:fit
669 608 837 691 luminis
855 610 1014 692 arctior
1022 606 1150 698 orbis,
1268 613 1344 714 740

134 718 401 803 Contrahitur
414 721 566 818 rietus;
584 719 756 803 redeunt
772 722 1028 833 humerique,
1046 724 1300 829 manusque,

135 831 388 946 Ungulaque
405 834 451 914 in
467 833 616 944 quinos
632 832 801 942 dilapsa
818 837 1048 916 absumitur
1063 859 1247 943 ungues:

133 943 203 1026 De
219 949 315 1032 bore
332 946 432 1027 nils
488 962 593 1028 erest
605 1006 617 1039 ,
626 946 795 1053 formae
812 948 898 1029 nisi
914 945 1090 1053 candor,
1110 944 1265 1029 inilla⁴s

135 1057 364 1173 Officioque
374 1088 429 1167 pe
461 1088 529 1139 um
547 1058 740 1168 Nympha
757 1076 951 1143 contenta
968 1059 1146 1142 duarzum

133 1170 349 1285 En'gitum
367 1173 509 1252 metuit
538 1202 587 1252 ue
605 1168 744 1282 loqui,
760 1203 813 1254 ne
830 1202 941 1253 mare
949 1173 1155 1283 juvencae
1269 1166 1344 1278 745

134 1283 329 1397 Mugiat,
347 1300 386 1365 et
404 1283 496 1365 timi
537 1285 543 1308 '
566 1283 684 1368 verba
701 1285 936 1366 intermissa
954 1297 1141 1365 retentat.

134 1392 262 1479 Nunc
279 1397 377 1480 Dea
394 1393 597 1512 Mlsgenei
614 1395 767 1479 colitur
780 1397 1042 1480 celeberrima
1060 1396 1190 1480 turbei.

191 1508 306 1592 Hinc
323 1508 527 1620 Epaphus
543 1509 691 1624 magni
700 1512 870 1624 genitus
887 1508 941 1592 de
957 1511 1111 1593 semine
1126 1510 1294 1593 tandem

142 1616 334 1703 Creditur
346 1649 436 1704 esse
452 1622 583 1709 Joris:
597 1652 749 1736 perque
767 1624 885 1704 urbes
893 1623 1049 1735 juncta
1062 1625 1230 1734 parenti
1270 1627 1343 1732 749

140 1731 310 1843 Templa
328 1750 449 1819 tenet.
467 1732 568 1819 Fuit
585 1736 682 1821 leuia
699 1736 852 1821 animis
870 1738 1079 1849 aequalis,
1097 1752 1137 1816 et
1153 1737 1280 1819 annis

198 3639 260 3708 744.
279 3635 417 3713 Nymphe.
439 3639 496 3695 Per
515 3659 529 3696 e
549 3639 670 3714 simplex
688 3638 834 3695 scribitur:
847 3648 945 3716 estque
963 3640 1034 3697 recti
1052 3654 1152 3703 casus,
1166 3645 1198 3692 ut
1209 3637 1352 3712 Penelope.

201 3736 264 3801 747.
284 3731 365 3785 Nunc
385 3732 444 3786 Den
463 3727 580 3808 linigera
592 3775 600 3800 ,
614 3743 667 3787 etc.
687 3731 786 3799 Nune,
797 3733 901 3808 inquit,
914 3736 947 3788 lo
965 3751 1020 3807 pro
1039 3734 1103 3786 Dea
1114 3729 1193 3786 Iside
1203 3731 1305 3787 colitur
1317 3729 1350 3783 ab

139 3818 283 3891 AEgyptiis
300 3819 391 3875 lineas
410 3830 497 3876 vestes
516 3822 701 3896 gestantibus.
722 3821 807 3877 Isidis
825 3842 948 3898 namque
966 3821 1132 3879 sacerdotes
1143 3821 1225 3875 lineis
1239 3821 1352 3876 vestibus

142 3911 303 3966 utebantur.
315 3911 418 3967 Isidem
438 3914 502 3967 vert)
534 3917 662 3988 AEgyptie'
680 3917 792 3970 Lunam
821 3932 885 3970 esse
904 3924 1025 3989 putant,
1043 3921 1074 3969 ul
1098 3913 1238 3969 Osiridem
1256 3914 1352 3969 Solem.

142 4002 218 4058 Vide
236 4002 402 4059 Diodorum.
422 4004 550 4080 Niligena
564 4005 656 4061 turba.
669 4010 783 4064 Rectius
801 4007 928 4062 nonnulli
941 4006 1066 4084 linigera.
1085 4006 1208 4060 Plurimi
1227 4004 1354 4082 lanigera,

145 4092 196 4147 ted
215 4093 356 4149 mendose.

201 4191 263 4257 748.
284 4183 422 4263 Epaphus.
435 4185 598 4242 Herodotus
616 4189 644 4243 in
664 4192 792 4264 Euterpe
801 4188 876 4264 Apin
891 4191 1004 4245 Graeca
1017 4188 1118 4264 lingna
1130 4186 1284 4262 Epaphum
1296 4200 1352 4240 esse

65 4322 69 4328 .
142 4277 240 4339 ait,et
258 4278 288 4330 in
310 4275 424 4334 Thalia.
443 4279 495 4331 Est
515 4285 610 4332 autem
630 4278 674 4333 tic
697 4279 932 4357 Apispidemque
961 4278 1149 4355 Epaphus‚e
1172 4294 1261 4334 vacca
1284 4274 1352 4352 geni·

143 4373 267 4432 tus,etc.
