3008 5160
231 232 306 344 1'34
553 260 587 318 c.
608 262 734 321 ovum
752 261 916 319 sssosrs

141 379 301 464 Ultima
315 406 450 489 prona
469 380 534 461 via
552 395 613 460 est
619 441 631 485 ,
652 395 691 458 et
709 396 801 489 eget
818 376 1094 458 moderamine
1113 392 1243 460 certo:

137 493 258 576 Tunc
276 493 417 584 etiam,
436 519 541 592 quae
559 521 621 571 me
639 491 835 604 subjectis
851 489 1013 597 eoect'qrit
1031 486 1172 576 undis,

135 605 203 691 Ne
211 606 334 713 ferar
349 605 394 683 in
407 631 622 713 praeceps,
641 602 798 713 Tethys
815 602 919 683 solet
936 602 1029 708 ipsa
1047 601 1185 680 vereri.

135 716 286 808 Adde,
304 714 419 828 quod
432 714 607 797 assidud
624 718 786 824 rapitur
800 714 998 824 vertigine
1014 712 1197 802 eaelum,
1290 740 1339 818 70

135 826 363 940 Sideraque
380 828 468 908 alta
487 829 631 922 tralrit,
650 828 852 940 celerique
871 828 1073 910 volumine
1092 839 1264 932 torquet.

137 939 266 1025 Nitor
280 943 326 1021 in
343 938 578 1027 adversum:
597 968 673 1022 nec
691 969 774 1032 me,
794 943 867 1052 qui
882 955 1064 1029 caetera,
1084 935 1211 1017 vincit

137 1056 318 1163 Impetus
323 1092 335 1150 ;
353 1067 393 1133 et
411 1050 560 1163 rapido
579 1053 813 1136 contrarius
830 1052 976 1134 evelror
991 1049 1090 1132 orbi.

136 1163 275 1279 linge
292 1161 415 1247 datos
434 1194 598 1264 currus,·
616 1163 721 1277 quid
736 1165 873 1280 ages?
885 1165 1093 1274 paterisne
1112 1161 1259 1242 rotatis

140 1276 294 1362 Obvius
313 1278 517 1387 impolis,
536 1308 587 1358 ne
605 1295 643 1358 te
661 1279 770 1359 citus
788 1278 951 1388 auferat
970 1273 1106 1356 axis?
1292 1270 1341 1380 75

137 1386 336 1473 Forsitan
353 1404 393 1469 et
411 1389 528 1473 lucos
545 1390 658 1483 illic,
678 1391 874 1501 urbesque
893 1388 1077 1470 Deorum

143 1499 366 1610 Concipias
384 1502 543 1594 animo,
562 1500 812 1614 delubraque
829 1499 937 1582 ditia
955 1497 1078 1581 donis

141 1611 273 1700 Esse:
286 1642 366 1724 per
379 1611 559 1695 insidias
576 1615 656 1695 iter
669 1629 750 1707 est,
758 1614 1004 1725 formasque
1011 1613 1214 1720 feronem.

144 1723 280 1837 thue
298 1727 406 1809 viam
424 1741 585 1819 teneas,
603 1726 798 1839 nulloque
815 1756 949 1809 errore
967 1724 1163 1815 tralearrls,

139 1835 227 1918 Per
240 1853 377 1918 tamen
395 1835 561 1921 adversi
573 1837 785 1952 gradieris
802 1867 961 1921 cornua
982 1836 1131 1921 Tauri,
1292 1830 1343 1915 80

141 1945 438 2058 AEmoniosque
454 1978 600 2044 arcus,
619 1951 864 2064 violentique
882 1980 956 2033 ora
974 1949 1148 2050 leonis,

139 2059 348 2173 Saevaque
365 2062 544 2145 circuitu
562 2080 799 2146 curvantem
815 2064 987 2145 braelria
1005 2064 1132 2170 longo

140 2170 359 2281 Scorpion,
376 2189 501 2285 atque
517 2175 644 2257 aliter
658 2192 894 2258 curvantem
911 2175 1082 2258 hraclria
1104 2169 1322 2256 Caucrrun.

194 3448 238 3501 7⁰·
250 3431 404 3508 vertigine.
416 3434 502 3487 Motu
521 3433 655 3497 violenta,
667 3448 723 3506 quo
734 3434 853 3503 primum
868 3431 974 3486 Mobile
990 3431 1069 3485 arbes
1085 3428 1226 3503 subjectos
1239 3427 1276 3479 alr
1289 3435 1352 3479 ortu

135 3517 175 3572 ad
194 3536 340 3586 occasum,
352 3520 417 3577 inde
435 3540 488 3596 per
506 3521 680 3596 Antipadum
700 3523 880 3578 llariwutem
901 3525 1056 3580 adortum
1080 3531 1207 3575 nastrum
1235 3521 1278 3586 ai.
1307 3516 1351 3566 lea-

134 3631 232 3668 mrum
250 3617 345 3686 spatio
364 3618 563 3674 incitatissima
583 3619 764 3672 conversione
783 3621 881 3692 rapit,
893 3636 978 3688 super
995 3616 1077 3689 palas
1098 3611 1203 3666 muudi.

100 3763 103 3766 ,
192 3724 237 3774 7²·
256 3704 336 3760 Nitor
355 3706 383 3760 in
404 3707 559 3764 adversum.
582 3709 696 3763 Caelum
716 3728 841 3781 namque
860 3709 897 3762 air
917 3709 1032 3764 Oriente
1052 3709 1081 3759 in
1101 3702 1280 3760 Occidentem
1299 3700 1352 3752 vol-

135 3800 385 3870 vitur,secumque
405 3798 493 3853 trabit
514 3808 542 3854 et
561 3799 656 3854 Salem
675 3806 703 3852 et
722 3798 846 3874 reliquos
864 3798 1008 3871 planetas.
1034 3795 1085 3850 Sol
1111 3811 1176 3848 vera
1200 3810 1265 3846 eum
1290 3790 1353 3844 aliis

136 3889 269 3963 planetis,
282 3906 334 3942 suo
353 3907 389 3942 ac
407 3892 536 3945 naturali
555 3899 648 3957 motu,
661 3900 761 3946 cantra
773 3892 847 3946 caeli
859 3895 1070 3946 concursionem
1089 3889 1208 3951 nititur,
1220 3885 1273 3940 lrac
1297 3891 1353 3943 est,

135 4000 197 4036 cum
217 3979 342 4056 quodam
361 3983 425 4035 uisu
445 3990 473 4035 et
493 3994 598 4039 conatu
616 3993 752 4040 movetur.
1252 3971 1257 3979 ¹

194 4073 238 4140 75.
258 4069 335 4125 Citus
354 4069 421 4124 axis.
442 4071 596 4128 Celerrime
615 4075 668 4130 illa
688 4076 796 4131 rotatio
815 4075 903 4138 caeli,
927 4093 1013 4149 quam
1032 4071 1078 4126 iric
1097 4071 1184 4126 cilum
1206 4087 1288 4125 oxcm
1308 4083 1352 4118 no-

136 4163 236 4216 minat.
255 4162 370 4237 Alioqui
390 4160 448 4216 axis
467 4171 508 4217 est
528 4164 604 4221 linea
624 4178 718 4231 recta,
729 4183 781 4233 per
799 4177 924 4222 centrum
938 4165 1079 4238 sphaerae
1091 4162 1133 4217 ad
1145 4161 1222 4216 iilius
1243 4164 1353 4214 circam·

128 4247 287 4324 serentium
306 4253 552 4316 transiens,circa
572 4274 658 4330 quam
677 4258 801 4332 sphaera
821 4261 884 4331 ipsa
905 4256 1035 4311 volvitur.

191 4345 235 4396 80.
256 4338 376 4399 Adversi
396 4339 476 4397 saud.
497 4347 626 4416 oppositi
631 4366 718 4408 ,nene
739 4366 834 4403 versus
853 4350 995 4401 Orientem
1016 4351 1129 4417 spectet
1151 4343 1277 4396 Taurus.
