3008 5160
219 222 249 321 4
556 236 593 299 e.
612 234 741 301 ovmn
766 232 934 301 ossone

134 358 251 443 Ante
266 387 393 454 mare,
410 372 452 440 et
469 371 616 452 terras,
633 373 690 452 et,
707 354 826 472 qnod
840 357 949 470 regit
966 354 1120 456 omma,
1138 350 1305 445 coeitmt
1327 352 1350 439 5

138 471 261 556 Unus
273 489 369 555 ¹erat
385 488 472 557 toto
489 488 666 554 naturae
682 469 830 555 vultus
846 472 893 551 in
910 471 1024 562 orbe,

133 584 272 785 guero
289 583 441 669 dixere
462 582 621 671 (boos.-
638 581 777 693 mdis,
797 581 1095 696 indigestaque
1110 578 1265 676 moles,

180 728 228 782 ee
247 700 484 812 quiequam,
502 699 592 781 nisi
600 694 771 808 pondus
787 698 922 789 iners,.
938 712 1223 809 congestaque
1238 693 1373 780 eodem

135 809 236 895 Non
253 815 352 894 bene
382 811 609 894 'unctamm
625 808 844 894 discentia
861 809 1021 891 sentina
1039 838 1187 892 renun.

138 921 295 1009 Nullus
371 924 455 1007 buc
472 920 629 1008 mundo
641 924 866 1034 praebebat
884 921 1046 1005 uonna
1065 920 1219 1019 Titan,-
1312 950 1354 1004 10

137 1034 232 1120 Nee
248 1066 362 1120 nova
381 1035 608 1122 crescendo
626 1035 846 1145 reparabat
863 1064 1025 1119 cornua
1044 1033 1218 1126 plaute,

137 1147 231 1233 Nec
248 1150 503 1258 circumfuso
516 1146 725 1258 pendebat
743 1149 790 1230 in
806 1160 904 1231 ae're
922 1147 1047 1231 tellus

137 1258 400 1344 Ponderibus
419 1261 572 1343 librata
589 1262 699 1346 suis:
717 1289 797 1342 nec
814 1261 990 1343 brachia
1003 1259 1132 1373 longo

138 1372 341 1488 Margine
360 1389 564 1455 terrarum
576 1386 826 1483 porrexerat
843 1372 1111 1483 Amphitrite.

141 1485 323 1682 guoque
341 1485 657 1678 maffridi&
675 1484 1077 1680 illiangzptzntuusnb'et
1094 1495 1190 1571 air:
1315 1479 1359 1569 15

173 1615 409 1681 tceratzns
479 1626 494 1677 ι
528 1627 550 1681 s
584 1629 607 1679 e
642 1624 745 1690 us‚t
861 1627 932 1681 ts
1079 1656 1092 1691 ,

141 1710 274 1796 Lucis
291 1739 418 1824 egens
436 1723 532 1795 ae‘r:
552 1710 662 1791 nulli
677 1737 757 1792 sua
764 1710 912 1821 forma
929 1711 1144 1797 manebat:

144 1823 427 1936 obstabatque
444 1823 543 1908 aliis
559 1820 711 1910 aliud.-
728 1824 832 1953 quia
849 1852 1022 1935 corpore
1039 1823 1086 1905 in
1103 1848 1189 1905 uno

144 1935 225 2020 Fri
253 1932 329 2018 ida
341 1939 594 2050 pugnabant
610 1932 788 2029 calibs,
807 1936 1020 2018 bumentia
1036 1935 1186 2028 siccis,
1369 1974 1374 1981 ·

143 1963 302 2132 Mobta
319 2077 416 2131 eum
431 2046 563 2143 druis,
582 2049 672 2131 sine
685 2045 870 2158 pondere
886 2049 1084 2131 babentia
1095 2044 1283 2157 pondus.
1299 2068 1360 2130 no

145 2160 273 2242 Hanc
290 2159 433 2254 Deus,
451 2178 492 2242 et
507 2161 656 2244 melior
670 2160 784 2243 litem
802 2178 955 2244 natura
972 2159 1152 2244 diremit.

146 2271 261 2358 Nam
279 2272 396 2355 eaelo
415 2290 565 2368 terras,
585 2291 624 2355 et
642 2271 966 2357 terrisabseidit
984 2272 1144 2368 undas,

145 2382 210 2468 Et
227 2383 432 2497 liquidum
449 2386 586 2495 spisso
603 2387 774 2470 secreuit
791 2388 845 2468 ob
863 2399 959 2471 ae‘re
976 2386 1152 2471 caelum.
1265 2394 1268 2399 ’

151 2494 271 2607 Quae
284 2514 508 2609 postquam
523 2498 691 2593 evolvit,
708 2526 916 2612 caecoque
933 2499 1090 2582 euanuit
1108 2524 1284 2596 noento,

147 2609 399 2692 Dissoeiata
415 2610 524 2692 loeis
540 2609 745 2694 concordi
754 2640 864 2721 paee
881 2611 1042 2727 ligavit.
1312 2608 1364 2697 25

148 2721 283 2915 [ἔπεα
300 2723 482 2805 convexi
497 2724 584 2818 vis,
602 2739 642 2806 et
660 2724 751 2806 sine
763 2722 968 2835 pondere,
986 2722 1100 2807 caeli

195 2834 360 2930 nocuit,
377 2838 619 2947 summique
636 2836 775 2922 locum
792 2839 877 2920 sibi
891 2836 994 2950 legit
1011 2837 1058 2922 in
1076 2864 1197 2925 arne:

215 3854 259 3925 ιζ.
278 3854 452 3936 Amphitrite
466 3861 581 3933 ponitur
600 3860 645 3919 bie
662 3879 716 3938 pro
734 3876 844 3919 oceano
856 3861 1015 3918 inimum
1035 3867 1143 3919 terrant
1162 3858 1370 3916 eireumeute:

156 3935 240 4031 παρὰ
255 3935 289 4003 rb
304 3934 524 4038 ἆμφιτξίζειν,
542 3962 649 4007 terrant
667 3954 741 4008 enim
754 3954 939 4008 eitnumeirca
957 3953 1024 4007 terit
1043 3969 1094 4007 seu
1112 3948 1200 4004 attuit
1212 3967 1307 4007 m.

215 4038 259 4090 23.
278 4033 432 4112 Liquidum
452 4035 570 4093 caelum.
590 4038 650 4092 Pro
667 4037 784 4093 aethere
801 4037 912 4112 posuit,
932 4052 1000 4090 narn
1020 4043 1048 4088 et
1073 4029 1174 4089 aether
1197 4032 1373 4104 purissimus

156 4130 217 4179 est.-
237 4122 377 4200 liquidum
396 4144 466 4201 ergo
485 4135 529 4182 est
547 4144 664 4200 purum,
683 4128 811 4194 clarum,
830 4124 869 4180 ab
887 4127 964 4181 omni
982 4125 1166 4198 corruptione
1184 4128 1339 4177 remotum.

215 4219 259 4270 26.
272 4216 360 4293 Ignea
372 4213 496 4272 convexi
508 4215 558 4273 vie.
568 4214 747 4292 Periphrau's
759 4226 803 4272 est
816 4213 941 4274 aetheris
952 4222 1041 4290 atque
1052 4212 1193 4292 ignis,qui
1203 4228 1374 4284 supmun

151 4316 270 4382 propter
288 4309 441 4367 leuitatem
459 4308 512 4367 u'bi
530 4308 625 4366 locum
643 4308 809 4367 vindicavit.
