3008 5160
328 228 414 337 434
598 201 744 316 Arion.
763 254 803 313 ns
821 254 971 315 nnnnn.
1009 254 1125 313 own.

236 374 358 447 Superbi
368 392 480 431 summa
492 390 670 449 papaverum
680 374 780 448 capita
791 372 894 429 bacuio
906 373 1077 429 decutientis
1092 372 1126 425 in
1138 368 1231 425 ho‘r'to
1253 388 1354 425 eornm
1380 372 1465 423 nentis

234 468 321 521 misso
335 467 388 523 sibi
400 466 494 543 sJiiin
504 468 606 533 Sexta,
618 470 668 541 qui
690 465 833 541 simplices
855 465 962 520 Gabios
965 462 1139 539 fefellerat.
1165 466 1234 519 Liv.
1257 463 1308 518 iih.
1331 486 1353 517 ι.
1363 462 1462 518 Necnon

237 557 412 637 Thrasybuli
421 562 661 635 supereminentes
671 560 766 631 spicas
776 576 876 614 coram
887 556 1042 632 Periandri
1053 559 1163 611 nuncio
1175 557 1454 611 demereamini«.

235 654 284 715 tit».
300 678 324 712 ι.
357 652 435 730 quoii
448 648 756 725 Periandrumsecissc
766 670 866 707 coram
879 650 1062 733 ii'hraryhuio
1072 652 1186 705 nuncio
1199 649 1298 720 refert
1312 652 1422 705 Aristnt.
1432 650 1453 701 3.

233 750 429 805 Politicorum.
440 745 556 805 Summa
568 744 709 821 Papavern
721 742 821 821 carpit.
832 746 881 799 Sic
891 746 1057 799 uetustiores
1069 784 1078 807 ,
1090 743 1149 797 aiii
1161 745 1319 799 cacumina
1332 783 1341 807 ,
1361 752 1388 795 et
1404 758 1461 793 rnna

231 858 286 913 pro
297 836 472 914 ingeniisque
482 830 662 913 opibusque,
680 834 734 889 aiii
745 835 881 910 ingenuis
890 832 1005 911 opibus:
1017 834 1149 887 meiiores
1162 834 1290 907 ingeniis
1300 832 1451 909 opibusque.

292 934 324 989 V
322 950 376 989 en·
387 934 452 987 831.
472 926 591 1005 Signum
602 946 738 1005 exangue.
747 930 858 983 Statua
868 930 929 981 sine
941 928 1089 1001 sanguine.
1101 930 1137 979 In
1150 934 1289 981 statuam
1303 946 1419 1001 nomque
1428 924 1465 979 in·

235 1020 351 1097 pideam
362 1017 579 1095 Aglaurossstit
597 1036 745 1075 conversa.
765 1018 892 1092 Oraque.
917 1018 1083 1073 Pausanias
1103 1022 1134 1071 in
1165 1020 1275 1075 Atticis
1298 1021 1404 1081 scribit,
1415 1020 1461 1072 ifi-

234 1126 337 1167 nervae
348 1109 518 1175 interdicto,
540 1128 577 1165 ne
592 1108 755 1183 depositam
776 1112 878 1163 cistam
896 1112 1006 1165 curiose
1018 1110 1171 1180 inspiceret
1187 1114 1349 1183 ,paruisse
1361 1108 1458 1185 quiden

234 1200 421 1259 Pandrnsnn:
432 1201 559 1277 reliquas
568 1216 683 1255 sorores
693 1200 796 1255 cistam
807 1200 992 1275 resignasse,
1014 1199 1130 1274 visoque
1150 1200 1365 1263 Erichthonio,
1378 1198 1459 1273 furiis

232 1299 365 1369 agitatas
374 1312 414 1349 e:
423 1294 575 1367 praecipiti
584 1294 661 1347 arcis
672 1293 736 1347 inco
747 1310 779 1346 se
790 1295 907 1347 misisse.
920 1292 1005 1367 Quod
1015 1292 1052 1347 de
1065 1312 1125 1347 ona
1141 1311 1248 1347 earum
1277 1296 1418 1346 intimos-se
1429 1296 1457 1345 oi·

231 1385 318 1441 detur
332 1380 474 1443 iiostwin
486 1384 566 1439 Diris
576 1386 607 1439 in
619 1382 691 1439 liin.
701 1380 803 1441 Liridn
816 1401 846 1439 se
857 1382 982 1461 scopulis
1003 1394 1035 1439 nt
1053 1383 1131 1461 virgo
1144 1384 1227 1439 misit
1240 1382 1280 1438 ab
1293 1380 1368 1449 altis,
1387 1384 1457 1439 Dixe-

232 1485 277 1531 rst
288 1474 379 1531 inrito
391 1492 466 1549 quse
477 1470 551 1529 rnnin
562 1470 649 1529 verbe
662 1472 734 1529 Deo.

291 1568 376 1623 Vens.
387 1566 452 1621 836.
462 1560 671 1623 sevouihunn
683 1564 804 1641 genitor.
825 1566 954 1639 Jupiter,
976 1568 1115 1639 Europae
1126 1568 1277 1641 Agenoris
1303 1564 1458 1621 Phoenicum

234 1654 401 1731 repisfliiae
413 1672 513 1709 amare
524 1662 638 1729 captus,
655 1656 806 1711 Mercurio
826 1657 865 1712 air
878 1658 976 1711 Attica
989 1655 1121 1711 redeunti
1133 1656 1264 1713 mandat
1277 1699 1287 1724 ,
1300 1667 1333 1712 ut
1344 1675 1374 1713 se
1384 1676 1457 1733 quon

233 1748 356 1821 primum
368 1748 398 1801 in
410 1744 595 1801 Phoenicium
604 1742 759 1821 conserat,
777 1749 910 1825 regisque
926 1756 1057 1801 armenta
1081 1746 1125 1800 aei
1142 1746 1230 1802 iittus
1244 1748 1413 1821 compellat,
1427 1748 1459 1801 ihi

234 1854 358 1913 mque
374 1856 439 1893 cun
449 1836 518 1893 ais'is
528 1838 683 1915 virginibus
694 1842 842 1912 Eompm
852 1840 977 1913 spatiari
988 1837 1110 1893 viderat.
1123 1838 1162 1893 Id
1174 1860 1249 1895 vero
1264 1860 1351 1917 quum
1362 1838 1456 1915 efficis·

231 1938 276 1983 set
286 1928 451 1984 Mercurius
461 1966 470 1994 ‚
481 1930 559 1981 omni
569 1925 701 2001 deposita
713 1928 884 2003 majestate,
894 1932 1010 2003 Jupiter
1020 1929 1050 1984 in
1062 1938 1184 1984 taurum
1197 1950 1230 1986 se
1241 1934 1401 1995 conuertit,
1418 1950 1455 1985 eu·

227 2018 280 2091 p'us
290 2014 408 2073 dorsum
426 2024 495 2093 past
505 2016 613 2073 muitas
623 2015 780 2075 blanditias
801 2022 923 2095 Europa
946 2018 1101 2077 ascendere
1117 2039 1198 2077 ausa
1212 2064 1221 2091 ,
1243 2025 1277 2076 in
1288 2026 1400 2078 Cretan
1415 2039 1458 2095 per

232 2128 315 2169 men
323 2108 642 2169 absumeremur.
