3008 5160
321 247 394 335 152
647 273 682 332 r.
711 274 840 335 0000
867 272 1033 334 assoms

232 395 540 506 Materiemque
559 422 635 477 suo
647 397 816 505 praehet
834 423 954 509 seges
971 391 1097 478 arida
1115 391 1283 477 danem.

231 508 383 591 Paroa
401 537 566 622 queror.-
584 535 765 620 magnae
777 524 953 616 pereunt
969 536 1065 590 cum
1076 506 1289 591 moenibus
1307 506 1443 596 urhes:

237 618 419 733 Cumque
437 622 525 703 suis
543 636 652 703 totas
665 620 833 731 populis
851 616 1051 704 incendia
1065 634 1211 732 gentes
1363 617 1441 704 215

234 734 287 816 ln
304 736 482 816 cinerem
501 749 677 820 vertunt.-
694 733 822 818 silrae
840 761 935 814 cum
952 733 1157 815 montibus
1174 729 1344 818 anient:

236 844 376 929 Ardet
392 846 547 940 Athos,
568 844 813 959 Taurusque
836 842 976 940 Cilix,
994 862 1034 926 et
1053 844 1249 936 Tmolus,
1268 861 1310 926 et
1329 843 1445 938 Oete,

236 956 299 1043 Et
316 987 428 1041 nunc
445 959 580 1051 sicca,
593 953 715 1067 prius
731 957 993 1040 celeberrima
1001 957 1212 1066 fontibus,
1229 953 1328 1054 Ide,-

240 1073 287 1158 V
282 1075 320 1153 ir
349 1073 547 1183 ineasque
559 1070 752 1165 Helicon,
769 1087 810 1152 et
828 1067 1012 1154 nondum
1028 1069 1236 1182 Oeagrius
1248 1068 1446 1156 Haemos:

237 1102 377 1267 Artlet
394 1186 439 1265 in
457 1184 697 1265 immensum
711 1184 936 1297 geminatis
954 1183 1124 1297 ignibus
1142 1180 1295 1273 AEtna,
1368 1208 1445 1266 220

236 1298 558 1407 Parnassusque
570 1295 722 1406 biceps,
734 1311 774 1377 et
786 1293 933 1402 Eryx,
947 1312 986 1377 et
1002 1294 1204 1406 Cynthus,
1219 1309 1260 1373 et
1274 1293 1445 1406 Othrys,

237 1408 301 1493 Et
318 1407 486 1490 tandem
504 1408 664 1492 nivibus
681 1406 877 1519 Rhodope
896 1409 1105 1500 caritura,
1128 1405 1287 1488 Mimas
1316 1438 1385 1502 ue,

237 1518 540 1632 Dindymaque
548 1537 587 1602 et
595 1519 786 1632 Mycale,
797 1537 999 1634 natusque
1011 1517 1074 1602 ad
1082 1547 1206 1601 sacra
1218 1436 1448 1604 Cithaeron.

238 1633 333 1719 tva
344 1649 519 1745 prosunt
536 1633 593 1716 Se
626 1633 737 1715 thiae
754 1662 833 1717 sua
841 1635 1029 1748 frigora:
1051 1630 1267 1716 Caucasus
1285 1629 1422 1741 ardet,

241 1744 433 1858 Ossaque
450 1774 545 1828 cum
563 1662 724 1838 Ihndo,
743 1745 955 1860 majorque
972 1746 1168 1827 ambobus
1188 1740 1411 1854 Olympus,

240 1858 480 1969 Aeriaeque
497 1859 651 1969 Alpes,
669 1875 710 1941 et
727 1859 893 1967 nubifer
907 1857 1195 1970 Appenninus.
1372 1855 1448 1941 226

242 1968 286 2052 T
280 1998 363 2053 unc
380 1999 481 2053 vero
500 1970 718 2054 Phaethon
735 1972 899 2055 eunctis
917 1970 1143 2081 apartibus
1160 1967 1296 2050 orhem

246 2079 450 2192 Adspicit
466 2110 710 2180 accensum,
728 2112 806 2165 nee
824 2098 963 2166 tantos
980 2083 1155 2166 sustinet
1172 2095 1336 2166 aestus:

246 2192 547 2305 Ferventesque
565 2225 713 2291 auras,
733 2196 839 2279 velut
856 2227 879 2277 e
888 2196 1071 2304 fornace
1083 2188 1318 2305 profunda,

248 2304 331 2387 One
349 2306 500 2401 trahit;
520 2335 746 2418 currasque
762 2336 862 2390 suos
881 2305 1131 2391 candescere
1149 2306 1274 2387 sentit
1280 2343 1294 2400 ,·
1374 2307 1448 2393 230

244 2412 307 2499 Et
325 2446 456 2529 neque
464 2417 561 2536 jam
579 2421 741 2502 cineres
766 2420 1066 2533 ejectatamaue
1074 2417 1273 2530 favillam

240 2526 370 2613 Ferre
381 2545 544 2640 potest;
562 2527 786 2644 calidoque
804 2532 1024 2615 involvitur
1039 2528 1222 2642 tradique
1229 2528 1375 2637 fumo

247 2639 421 2753 Quoque
438 2658 532 2736 eat,
550 2659 624 2724 aut
643 2645 715 2726 ubi
730 2646 802 2739 sit,
815 2647 941 2756 picea'
958 2645 1143 2756 cah‘giae
1161 2657 1315 2733 tectus,

133 2800 137 2806 ·
244 2751 419 2848 Nescit,
437 2770 476 2836 et
494 2756 666 2839 arbitrio
683 2758 902 2844 uolucrum
920 2772 1111 2868 raptatur
1125 2783 1335 2867 equorum.

294 2961 358 3012 ²¹7·
379 2938 477 2999 Athos.
496 2945 584 2998 noas
603 2954 646 3000 est
665 2944 856 3000 Macedoniae
876 2945 1043 3000 altissimus.
1070 2943 1238 3015 Taurusque
1264 2953 1320 2998 etc.
1351 2943 1459 2999 Taurus

237 3016 355 3071 Ciliciae
374 3036 454 3074 mans
472 3027 524 3074 est.
549 3019 673 3076 Tmolus.
702 3020 745 3075 Fl.
771 3029 800 3074 et
826 3039 906 3076 matrs
931 3020 1097 3095 Phrygiae,
1115 3019 1217 3084 melle,
1234 3021 1302 3074 vino
1328 3028 1357 3074 et
1381 3038 1458 3073 crocu

236 3092 397 3148 abundans.
417 3096 500 3150 Oete.
521 3097 608 3150 Mans
631 3096 811 3163 Thessaliae,
824 3097 954 3152 Herculis
966 3104 1071 3161 morte,
1084 3113 1155 3168 rago
1169 3101 1197 3148 et
1208 3095 1341 3167 sepulcro
1354 3096 1458 3150 nabilis.

296 3189 359 3240 ²¹9·
379 3168 509 3227 Helicon.
530 3173 617 3228 hlans
636 3175 774 3228 Boeotiae
792 3184 834 3228 est
854 3175 988 3239 Helicon,¹
1003 3191 1084 3247 artem
1104 3171 1169 3226 ideo
1187 3169 1357 3245 virgineum
1368 3172 1459 3247 appel·

237 3244 296 3310 lat,
309 3246 378 3320 quia
399 3248 495 3300 Masis
513 3255 556 3300 est
575 3258 767 3303 consecratas.
787 3250 920 3307 Haesuas.
944 3251 1087 3314 Haemos,
1104 3265 1183 3302 araris
1211 3247 1356 3301 Thraciae
1381 3247 1457 3302 altis·

238 3325 338 3385 simus,
353 3323 383 3374 ia
402 3340 459 3396 aaa
480 3322 609 3393 Orpheus
628 3327 744 3397 Oeagrii
758 3323 849 3396 fluvii
865 3327 959 3393 filias,
977 3325 1083 3378 diaitar
1106 3344 1126 3377 a
1153 3322 1350 3379 Maeaadihus
1365 3324 1459 3399 fuisse

238 3396 416 3469 discerptas,
430 3419 449 3451 a
469 3417 526 3472 aaa
545 3401 631 3453 etiam
652 3399 790 3473 Oeagrius
800 3398 867 3473 suit
885 3400 1058 3475 appellatus.

299 3489 363 3524 221.
382 3472 534 3529 Parnassus
565 3476 649 3532 stom
678 3474 810 3530 Phocidis
829 3479 858 3530 in
884 3477 956 3532 dieas
980 3479 1096 3532 vertices
1123 3474 1242 3531 divisus.
1270 3476 1356 3531 Em.
1381 3479 1462 3531 Mans

240 3545 360 3602 Siciliae
399 3551 506 3604 Veneri
538 3568 636 3604 sacer:
662 3550 737 3606 uncle
768 3560 796 3605 et
827 3553 946 3627 Erycina
966 3553 1079 3608 dicitur.
1111 3549 1249 3624 Cynthus.
1276 3496 1363 3609 thau
1389 3553 1462 3616 Deli,

237 3625 314 3679 uate
335 3627 474 3697 Cynthius
495 3627 601 3699 Apollo
621 3638 749 3682 vocatur.
769 3625 887 3702 Othrys.
908 3631 995 3684 Mons
1017 3629 1192 3683 Thessaliae.

296 3699 487 3755 2200110000.
508 3704 595 3758 Mans
614 3712 658 3759 est
677 3706 794 3760 minoris
813 3706 915 3771 Asiae,
934 3704 1013 3761 haud
1037 3705 1122 3780 laage
1144 3703 1256 3759 distans
1280 3725 1301 3758 a
1329 3704 1463 3779 Colopho

236 3792 284 3829 ne:
304 3777 450 3846 perpetuis
469 3777 577 3833 uiribus
597 3779 732 3850 ohrutus,
750 3801 770 3834 a
790 3779 926 3839 Nimaate
958 3785 1078 3862 gigante
1096 3781 1306 3836 denominatus.
1331 3779 1461 3858 Rhodopa

240 3852 329 3906 attans
352 3851 496 3908 Thraciae
516 3855 637 3910 nivosus.

298 3928 364 3980 203.
387 3927 538 4002 Dindyma.
559 3932 646 3986 Mam
666 3934 815 4010 Phrygiae
835 3936 922 3989 matri
940 3933 1059 3990 dearum
1080 3952 1170 3991 sacer.
1191 3931 1311 4009 Mycale.
1332 3934 1418 3998 ttoni
1439 3941 1465 3987 et

237 4001 305 4055 terhs
327 4006 443 4058 Cariae.

297 4083 361 4149 ²²4·
381 4077 523 4153 scythiae.
543 4084 663 4154 Scythia
682 4084 762 4160 regia
782 4097 824 4141 est
858 4085 899 4140 acl
919 4089 1144 4160 Septentrionem
1169 4082 1374 4159 frigidissima.
1400 4086 1464 4141 cau-

237 4173 328 4209 casus.
348 4157 436 4210 Jloas
458 4157 597 4231 Saythiae
619 4162 779 4216 Promethei
798 4165 975 4235 relegatione
994 4164 1166 4216 notissimus.

295 4233 360 4282 205.
373 4231 502 4304 Ossaque
516 4253 580 4287 curn
597 4234 693 4291 Pindo.
712 4240 827 4293 Montes
854 4237 1020 4295 Thessaliae
1044 4237 1184 4291 altissimi.
1199 4235 1350 4313 Olympus.
1372 4239 1403 4294 V
1401 4240 1462 4292 erti-

238 4322 297 4357 cem
318 4304 397 4361 illias
410 4310 529 4363 accolae
554 4309 662 4365 caelum
687 4324 804 4381 voraat;
831 4315 905 4371 unde
926 4324 953 4370 et
968 4312 1098 4386 factum,
1124 4321 1154 4367 ut
1176 4314 1287 4368 Poetae
1307 4313 1458 4390 Olympum

237 4398 292 4454 pra
313 4385 393 4439 caela
413 4394 531 4458 panant.
