3008 5160
333 254 416 369 4⁰².
669 272 706 333 e.
734 272 866 334 ovmu
893 270 1061 337 stsoms

248 391 331 477 Ille
348 402 459 469 metu
478 414 661 482 vacuus,
678 387 844 473 Nomen
861 390 968 472 milri
976 455 986 492 ,
1003 387 1146 488 dian,
1167 387 1364 472 Acoetes
1369 426 1384 486 ,·

248 502 401 589 Patria
420 500 628 586 Maeonia
646 520 731 585 est:
750 504 901 587 lsurmli
916 500 970 585 de
983 502 1101 614 plebe
1114 516 1340 613 parentes.

248 617 349 703 Non
368 615 489 709 milri,
510 646 617 727 quae
633 614 734 699 duri
749 618 932 700 colerent
944 633 1068 728 poter
1080 646 1190 701 arna
1200 614 1404 730 juvenci,

245 730 530 842 lanigerosve
545 758 622 843 gre
652 758 697 812 es
705 769 720 829 ‚·
738 757 824 813 non
841 730 931 813 ulla
949 747 1138 814 armenta
1156 730 1351 843 reliquit.
1394 721 1462 811 855

248 845 421 955 Pauper
436 858 476 924 et
495 842 584 952 ipse
592 758 710 953 silim
728 842 898 959 linoque
915 843 1071 928 solebat
1088 862 1130 928 et
1148 843 1297 926 lamis

249 956 476 1065 Decipere,
495 972 535 1037 et
553 956 721 1041 calamo
737 958 937 1042 salientes
954 954 1106 1041 ducere
1120 957 1290 1067 pisces.-

249 1071 339 1155 Ars
358 1069 426 1151 illi
441 1098 521 1152 sua
539 1099 689 1152 census
706 1090 813 1155 erat:
833 1101 929 1155 cum
948 1068 1131 1153 traderet
1149 1086 1295 1152 artem
1300 1109 1316 1167 ;

248 1184 434 1294 Accipe‚
453 1211 559 1297 quas
576 1184 725 1285 liabeo,
740 1184 877 1269 studii
891 1213 1110 1269 successor
1124 1200 1167 1265 et
1180 1184 1327 1277 lieres,

247 1297 399 1392 Dixit,
418 1326 515 1408 opes
521 1337 535 1396 ;
552 1299 811 1411 moriensque
828 1299 932 1381 milu‘
947 1297 1057 1379 nitu!
1069 1297 1143 1378 ille
1163 1296 1344 1409 reliquit
1390 1290 1459 1409 590

245 1411 423 1494 Praeter
437 1441 593 1523 aquas:
607 1441 734 1495 tenum
746 1414 827 1497 lsoc
839 1441 1009 1524 possum
1028 1410 1249 1519 appellare
1262 1428 1480 1520 patemus.

247 1524 365 1608 Mox
384 1553 483 1654 ego,
503 1554 555 1608 ne
573 1525 760 1638 seopulis
776 1528 985 1609 haererem
1000 1552 1163 1630 semper
1177 1524 1229 1605 in
1248 1521 1408 1619 isdem,

246 1636 465 1723 Adelidsci
480 1638 684 1750 regimen,
702 1638 862 1725 dextrei
881 1637 1146 1731 moderante,
1166 1637 1356 1721 carinae

247 1751 295 1835 F
288 1754 453 1837 lectere:
470 1767 510 1833 et
530 1751 707 1835 Oleniae
724 1750 845 1838 sidus
859 1752 1042 1863 pluviale
1059 1749 1275 1860 capellae,
1392 1746 1460 1864 594

246 1866 571 1980 faygetenque,
590 1864 855 1979 Hyadesque
882 1865 1018 1949 oculis
1034 1863 1296 1976 Arctonque
1313 1864 1451 1964 notui,

248 1980 553 2092 Ventorumque
571 1978 745 2075 domos,
762 1997 801 2063 et
815 1996 962 2092 portus
975 1978 1189 2089 puppibus
1207 1994 1354 2088 aptos.

293 3905 357 3975 594.
373 3900 518 3971 Oleniae,
538 3902 713 3960 Amaltheae
723 3927 734 3970 ,-
754 3906 830 3960 inter
860 3904 958 3961 sidera
978 3904 1104 3972 relatae.
1126 3911 1214 3984 quael
1234 3916 1306 3972 ,1οοί
1326 3908 1465 3994 insensiles

231 3993 410 4071 praebuisset
429 4014 521 4073 prope
532 3995 652 4052 Olenum
678 4016 744 4072 opp.
765 3997 899 4072 Achaiae
914 4036 924 4063 ‚
941 4017 1017 4073 quae
1035 4009 1107 4055 ortu
1119 4011 1150 4058 et
1164 4021 1285 4064 occasu
1308 4028 1363 4067 suo
1380 4005 1463 4084 μΙΝ

242 4088 265 4139 'n
331 4088 358 4140 't.

235 4085 357 4246 ¹³¹3&
398 4174 616 4253 Taygetenque.
652 4175 817 4271 Pleiadas,
838 4196 962 4253 quorum
982 4196 1041 4233 una
1062 4186 1107 4234 est
1132 4183 1288 4263 Taygete.
1306 4187 1456 4267 Hyedtsqtt·

233 4261 343 4317 Stellas
365 4264 389 4317 5.
411 4264 440 4316 in
460 4265 557 4336 capite
576 4264 672 4316 sauri.-
696 4256 757 4328 από
782 4258 822 4326 τῦ
846 4259 929 4331 ὕειν,
959 4270 1146 4342 quinetiam
1174 4278 1305 4352 pluviae
1318 4324 1328 4352 ‚
1355 4285 1393 4341 νη·
1412 4281 1461 4343 rer

233 4353 519 4433 gitinedrctonque.
554 4356 661 4414 Ursam
681 4355 834 4417 Borealem
853 4399 863 4431 ‚
885 4361 1090 4434 Cynosuram,
1112 4369 1160 4428 uel
1179 4372 1319 4435 Helicen.
1369 4386 1373 4395 '
