3008 5160
216 206 273 316 34
540 230 576 291 1².
604 230 732 291 ovmn
759 226 925 287 sssoms

136 352 306 439 Occidit
326 383 411 434 reno
428 349 593 447 domus,
612 348 692 435 secl
706 377 790 431 non
809 346 957 430 domus
976 376 1062 429 zano
1074 349 1212 456 perire
1260 357 1340 456 240

134 460 285 580 Digna
292 468 400 575 fuit:
417 496 500 578 qun
518 482 629 546 terro
643 464 776 574 poten
784 462 885 569 fera
904 478 1052 573 regnat
1069 459 1279 570 Erinnys,

133 578 186 657 ln
194 581 372 689 focinus
379 579 549 690 jurasse
561 594 702 687 putes:
719 573 820 656 dent
838 602 972 683 ocyus
991 601 1149 664 omnes,

138 692 257 801 Quos
274 721 452 772 meruere
463 691 560 799 pnti
575 686 664 799 (sic
681 703 766 770 stat
783 682 1010 795 sententio)
1023 711 1195 796 poenos.

135 803 269 885 Dicto
286 804 402 889 lovis
414 830 516 913 pars
535 830 631 884 uoce
643 800 841 909 probent,
859 799 1128 910 stimulosque
1135 797 1337 906 frequenti

135 913 375 1001 Adiiciunt:
393 916 472 995 nlii
480 929 623 1023 portes
642 913 880 994 assensibus
899 912 1079 1019 implent.
1264 906 1343 1016 245

135 1026 220 1109 Est
237 1045 373 1109 tomen
391 1026 564 1107 lrumoui
577 1027 745 1155 generis
753 1023 930 1135 jectum
949 1021 1090 1106 dolori

137 1140 353 1227 Omnibus:
371 1156 410 1220 et
429 1168 535 1249 quoe
553 1154 607 1218 stt
626 1154 760 1218 terroe
777 1136 1021 1219 mortalibus
1041 1135 1162 1219 orbae

134 1251 289 1333 Formo
297 1252 449 1359 futur-n
468 1265 639 1363 rogant;
658 1250 754 1362 quis
772 1250 826 1330 sit
845 1248 1008 1330 loturus
1026 1249 1072 1329 iu
1090 1277 1191 1329 ants

136 1363 313 1445 Tleurn?
320 1365 483 1473 ferisne
495 1379 616 1469 paret
629 1360 897 1470 populandos
916 1360 1079 1442 trudere
1098 1359 1268 1441 terras?

137 1475 180 1557 T
173 1476 261 1555 olio
280 1491 520 1587 quaerentes
539 1472 646 1585 (sibi
662 1474 769 1554 enim
779 1475 877 1582 fore
896 1490 1063 1556 coetero
1081 1467 1231 1582 cume)
1266 1469 1343 1555 250

135 1588 229 1669 Rex
248 1588 447 1697 Superum
466 1584 673 1694 trepidare
691 1602 816 1671 uetot:
834 1587 1093 1697 sobolemque
1104 1586 1243 1694 priori

136 1698 396 1782 Dissimilem
408 1699 563 1808 populo
576 1699 781 1806 promittit
800 1699 963 1811 origiue
981 1700 1098 1779 mirri.

136 1810 312 1922 Jamque
329 1827 417 1892 ernt
435 1812 479 1890 in
499 1826 609 1892 totns
627 1839 849 1918 sparsums
858 1811 1046 1918 fislurino
1066 1827 1220 1896 terras:

137 1919 226 2003 Sed
240 1924 391 2015 timuit,
410 1924 585 2030 neforto
604 1951 727 2003 socer
741 1939 801 2005 tot
818 1925 872 2003 ab
891 1922 1061 2033 ignibus
1079 1922 1224 2002 netlser

141 2028 610 2148 &reciperetflommom
630 2050 821 2142 totusque
839 2030 1073 2115 ardesceret
1092 2034 1208 2117 onis.
1271 2027 1346 2117 255

137 2143 249 2227 Esse
267 2174 427 2258 quoque
445 2147 610 2254 infutis
629 2147 919 2247 reminiscitur,
933 2144 1085 2256 otrlfrue
1098 2164 1271 2255 tempus,

142 2256 236 2365 Quo
253 2286 381 2349 more,
401 2287 481 2368 quo
500 2257 641 2349 tellus,
661 2276 930 2371 correptoque
947 2259 1066 2369 regia
1084 2259 1212 2367 coeli,

136 2366 317 2466 Aedem
335 2385 375 2449 et
397 2368 547 2451 rnuruii
563 2370 691 2451 moles
711 2398 883 2478 operosa
903 2372 1072 2453 laboret.

213 3397 280 3452 Fur.
301 3395 370 3454 Vll.
391 3393 500 3451 Occidit
522 3412 580 3450 una
599 3392 708 3453 domus.
721 3394 820 3453 Postea
840 3419 925 3474 quum
944 3398 1056 3478 Jupiter
1069 3402 1200 3481 exemplo
1210 3403 1342 3481 Lycaonis

154 3486 290 3554 ostendit,
311 3506 396 3562 quarn
416 3486 495 3544 tetris
513 3487 666 3545 sceleribus
684 3487 782 3548 infecti
800 3491 857 3547 sint
875 3491 1020 3558 homines,
1039 3494 1183 3552 concludit
1202 3506 1343 3572 totumge

151 3599 206 3636 nus
224 3577 379 3635 humanum
398 3577 509 3656 penitus
529 3599 588 3638 csse
608 3580 792 3659 perdendum.
813 3583 916 3660 Sicque
928 3593 1010 3663 potita
1022 3587 1147 3644 fabulam
1166 3608 1232 3645 cum
1257 3586 1346 3645 fabula

150 3688 184 3726 ac
203 3667 387 3726 mutationem
407 3688 472 3725 cum
491 3671 645 3728 mutatione
666 3672 817 3731 connectit.
836 3676 1002 3733 Narraturus
1023 3677 1099 3733 enim
1115 3677 1344 3753 quemadmodum

156 3757 262 3836 lapides
281 3777 296 3813 a
317 3756 488 3816 Deucalione
508 3773 537 3817 et
555 3761 662 3838 Pyrrha
679 3775 743 3840 post
766 3776 844 3842 terga
868 3766 954 3841 jacti,
981 3767 1084 3844 partim
1111 3768 1140 3823 in
1167 3787 1273 3837 mares,
1290 3787 1345 3849 par·

149 3849 202 3908 tim
220 3848 251 3904 in
269 3847 405 3907 foeminas
423 3850 502 3908 inere
522 3854 659 3924 conversi,
677 3869 742 3914 mse
768 3856 903 3915 describit
928 3856 1085 3928 diluvium,
1107 3881 1165 3937 quo
1185 3880 1274 3939 genus
1296 3859 1344 3917 hn-

154 3958 270 3998 mannm
288 3939 343 3996 tuis
362 3942 527 4001 extinctum.

221 4033 285 4102 244.
296 4028 365 4087 Pars
383 4051 451 4090 voce
471 4034 600 4110 probant.
620 4038 750 4097 Allusum
780 4039 891 4098 videtur
909 4041 950 4097 ad
977 4044 1093 4098 Curiam
1120 4047 1298 4114 Romanam,
1317 4046 1345 4099 ie

158 4139 216 4199 qun
244 4118 392 4195 Maiorem
417 4127 541 4198 gentium
565 4136 663 4201 potres
687 4134 854 4188 senteutiam
878 4130 1009 4188 dicebaut
1021 4153 1031 4197 ,·
1055 4135 1202 4191 Minorem
1227 4135 1344 4210 gentium

156 4222 256 4365 qqtres
273 4215 303 4269 in
321 4213 444 4274 aliorum
456 4222 611 4279 sententias
620 4221 738 4296 pedibus
756 4224 850 4297 ibant,
863 4223 938 4284 uude
949 4222 1062 4298 pedarii
1080 4225 1159 4284 dicti.
1170 4226 1237 4285 Aul.
1251 4224 1308 4284 oet.
1320 4226 1342 4280 3.

169 4310 206 4365 i.
228 4311 269 4365 ss.
