3038 5154
329 300 410 410 254
657 322 694 383 r.
712 323 840 386 onon
865 322 1030 385 nusons

251 443 297 529 U
292 463 309 525 t
326 462 429 527 teres
446 445 491 524 in
509 439 683 534 destrui,
701 469 784 549 quo
801 468 966 523 somnos
984 436 1103 522 ducit
1120 457 1160 519 et
1177 457 1312 548 arcet,
1374 440 1454 552 735

125 591 130 600 ·
250 557 384 671 Virgo
402 558 476 642 sit.-
495 570 540 635 ut
557 554 677 635 tersis
694 552 851 634 niteant
869 553 1021 634 talaria
1066 553 1205 633 lentis.

244 668 353 750 Pars
370 683 527 750 secreto
543 662 689 747 domus
707 662 826 747 ebore
842 682 883 746 et
900 680 976 747 test
1047 667 1104 745 'ne
1122 664 1258 746 cultos

247 779 291 861 T
285 809 348 862 nes
360 779 501 861 habuit
513 776 731 861 thalamos.-
771 805 914 860 uorum
926 795 985 872 tu,
998 774 1231 867 Pandmso,
1244 773 1453 867 dextrum,

244 891 461 1003 Aglauros
478 891 655 980 laevum,
673 917 736 968 me
776 890 851 971 ‘um
863 888 1104 1000 possederat
1121 890 1263 971 Herse.

250 1002 370 1116 Quae
385 1003 516 1086 tenuit
533 1001 707 1096 laevum,
728 1006 948 1085 venientem
960 1003 1097 1112 primo
1116 1003 1282 1083 notauit
1377 1010 1454 1112 740

246 1114 525 1201 Mercurium:
543 1141 768 1225 nomenque
785 1115 872 1197 Dei
887 1116 1079 1198 scitarier
1092 1142 1199 1195 unsa
1216 1132 1306 1219 est,

247 1224 310 1308 Et
327 1255 498 1311 causam
514 1222 734 1321 adremon
751 1228 825 1308 cui
839 1229 903 1311 sic
920 1224 1131 1338 respondit
1150 1226 1344 1307 Atlantis

246 1338 515 1450 Pleionesque
533 1364 683 1448 nepos:
700 1333 802 1451 Ego
818 1366 928 1433 sum,
947 1342 1021 1450 qui
1027 1338 1152 1450 jusso
1167 1366 1243 1448 per
1256 1365 1387 1419 aurns

249 1453 384 1538 Verbo
396 1450 531 1561 patris
542 1466 682 1559 porto.-
694 1468 817 1560 poter
831 1470 892 1534 est
910 1451 1012 1533 milri
1027 1449 1217 1558 Juppr'ter
1231 1450 1321 1560 ipse
1331 1494 1345 1536 .-

243 1562 336 1648 Nec
339 1562 514 1678 fingam
531 1591 717 1647 corusos.
738 1564 803 1645 Tu
820 1559 1090 1671 tontumfida
1108 1562 1242 1645 sorori
1374 1560 1451 1672 745

242 1672 354 1758 Esse
370 1675 497 1769 uelis,
509 1676 720 1784 prolisque
736 1705 850 1759 meae
866 1692 1084 1758 matertera
1103 1670 1206 1758 dici.

241 1787 372 1869 Herse
388 1815 541 1871 caussa
558 1789 676 1874 uiae.-
683 1787 836 1897 foreas
853 1816 1019 1871 ommus
1036 1788 1207 1870 anranti.

239 1897 439 2008 Auspicis
455 1900 566 1983 lrunc
583 1899 715 1985 oculis
734 1899 889 1993 isdem,
908 1901 1056 2014 quibus
1073 1895 1219 1981 obdita
1238 1928 1376 2010 nuper·

243 2008 290 2098 V
283 2010 419 2095 idemt
433 2011 649 2123 Aglauros
652 2008 800 2127 florae
816 2031 976 2097 secreta
992 2009 1231 2097 Minervae:

240 2121 403 2235 Proque
419 2124 645 2208 ministerio
661 2129 808 2237 magni
821 2126 904 2208 sibi
914 2121 1113 2233 ponderis
1130 2153 1278 2205 otrmm
1371 2119 1449 2233 750

241 2234 450 2323 Postulat:
467 2237 622 2319 intereo
639 2239 759 2321 tectis
775 2235 980 2320 excedere
997 2237 1124 2348 cogit.

285 3926 347 3995 739.
367 3919 511 3999 Aglauros.
542 3925 617 3995 Quia
636 3914 809 4011 Πάνδροσος
837 3938 927 4004 atquc
946 3922 1032 4023 Egon
1050 3947 1150 3985 nomen
1175 3948 1193 3982 a
1215 3948 1281 3984 rore
1293 3932 1400 3988 habere
1419 3933 1452 3985 ri·

229 4021 344 4079 dentur:
371 4033 435 4080 arnt
455 4025 504 4097 qui
523 4014 693 4113 Α’γραυλῦν
710 4032 798 4085 eriam
824 4032 862 4088 ab
880 4035 961 4108 agris
979 4034 1037 4090 dici
1059 4034 1269 4108 uolunt,quosi
1281 4037 1406 4110 agrestis
1425 4042 1451 4090 ct

228 4117 351 4169 imnu'tr‘s.

281 4207 343 4271 743.
363 4199 514 4274 Qnijjusn.
529 4187 715 4293 Atc'czrogoc,
739 4196 833 4348 utiles}
840 4251 848 4274 ‚
861 4212 1053 4266 internuncius
1067 4215 1198 4267 Deorum.
1214 4212 1400 4277 Mercurius,
1413 4214 1450 4266 in·

224 4291 284 4367 quit
303 4292 444 4345 Arnobr'us
455 4331 462 4355 ,
474 4290 558 4364 quasi
576 4290 692 4362 quidam
711 4296 762 4348 Me
782 4297 905 4354 icurrr'us
924 4300 1018 4355 dictus
1037 4310 1079 4355 est
1092 4343 1099 4367 ,
1111 4299 1189 4376 quod
1208 4303 1284 4354 inter
1303 4301 1450 4376 loquentes

223 4383 296 4436 duos
316 4380 409 4436 media
429 4387 526 4434 currat
548 4388 575 4434 ot
594 4386 786 4456 reciprocetur
804 4391 911 4456 or'atr'o,
922 4397 977 4445 etc.
995 4387 1044 4446 lib.
1064 4393 1091 4447 3.
1110 4389 1219 4447 advers.
1241 4402 1352 4466 gentes.
