3008 5160
312 252 388 340 156
630 279 664 335 u.
694 278 821 337 ouuu
849 276 1013 337 uusouts

220 397 355 597 guod
364 395 487 478 moda
494 413 648 505 pontus
655 413 756 492 erat,
764 425 946 510 quosque
953 396 1083 478 altum
1091 410 1431 505 texerutaequor,

267 511 455 592 esistunt
473 526 649 616 montes,
669 528 708 591 et
727 539 897 618 sparsas
919 506 1137 620 Cycladas
1155 524 1325 619 augent.

219 625 312 706 Ima
325 639 472 733 petunt
483 624 647 730 pisces:
665 651 742 705 nea
760 653 804 705 se
822 652 947 730 super
960 650 1142 734 aequora
1160 622 1280 704 curvi
1350 619 1432 705 265

220 735 383 819 Tollere
402 752 622 818 consuetas
640 735 796 818 audent
815 735 1030 845 delphines
1048 736 1096 815 in
1111 761 1252 816 auras.

222 846 406 956 Corpora
419 849 649 957 phocarum
666 877 825 931 stimmo
843 849 1037 960 resupina
1049 844 1263 956 profundo

220 959 491 1044 Exanimata
497 960 661 1072 jacent:
680 964 815 1071 ipsum
832 990 993 1074 quoque
1011 960 1149 1042 Nerea
1156 958 1285 1066 fama
1302 976 1381 1052 est,

217 1071 486 1184 Doridaque,
505 1091 544 1154 et
561 1091 704 1166 natas,
721 1072 873 1184 tepidis
890 1076 1064 1155 latuisse
1082 1074 1158 1153 sub
1176 1069 1316 1154 undis.

223 1185 306 1266 Ter
320 1184 540 1294 Neptunus
558 1187 681 1298 aquis
698 1215 793 1268 eum
811 1202 924 1270 torro
942 1186 1114 1268 braclu'a
1132 1184 1246 1269 vultu
1352 1211 1429 1295 270

219 1295 431 1380 Exserere
449 1329 579 1380 ausus
596 1315 700 1392 erat,
719 1315 783 1387 ter
796 1328 881 1382 non
898 1298 993 1382 tulit
1010 1299 1123 1381 aeris
1140 1313 1293 1379 aestus.

220 1411 350 1493 Alista
370 1427 507 1491 tamen
527 1412 682 1506 Tellus,
701 1428 746 1492 ut
763 1430 853 1495 erat
870 1406 1131 1494 circumdata
1144 1425 1289 1519 ponto,

219 1524 336 1607 Inter
350 1553 484 1635 aquas
497 1524 659 1640 pelagi,
677 1541 994 1638 contractosque
1012 1521 1195 1634 undique
1202 1523 1365 1632 fontes,

223 1635 311 1749 Qui
326 1664 371 1716 se
388 1635 665 1719 condiderant
683 1637 728 1717 in
746 1666 902 1748 opacae
919 1639 1087 1718 viscera
1105 1635 1270 1730 matris,

218 1747 395 1830 Sustulit
413 1749 653 1859 omniferos,
672 1750 940 1842 collotenus,
959 1746 1083 1830 arida
1100 1749 1248 1831 vultus
1257 1788 1271 1845 ;
1346 1744 1429 1857 275.

221 1861 502 1973 opposuitque
519 1891 688 1944 ntanum
695 1862 854 1972 fronti,
873 1889 1107 1990 magnoque
1126 1877 1296 1944 tremore

221 1971 375 2059 Omnia
393 1976 652 2076 concutiens,
667 1976 858 2091 paullum
876 1971 1079 2066 subsedit,
1090 1990 1137 2055 et
1155 1974 1291 2089 infra,

264 3754 327 3820 264.
346 3746 473 3825 Sparsus.
498 3750 579 3807 Unde
598 3760 626 3810 et
646 3745 801 3841 σπόραᾶες
820 3758 925 3814 tutae.
947 3758 1030 3836 Virg.
1047 3760 1072 3812 ³.
1086 3757 1187 3814 Eueid.
1208 3757 1365 3834 Sparsaque
1388 3775 1436 3833 pes

205 3856 309 3912 sequor
329 3837 482 3914 Cycladas,
502 3854 529 3896 et
550 3842 639 3899 crebis
651 3844 770 3924 legimus
790 3844 861 3901 freta
881 3848 988 3904 consita
1008 3848 1098 3904 terris.
1120 3848 1260 3921 Cyclades
1279 3865 1345 3902 vero
1363 3844 1436 3921 quoti

204 3917 333 3995 κύκλον,
354 3927 386 3982 td
404 3938 462 3994 est,
482 3933 619 3986 circulum
639 3939 713 3990 inter
731 3955 762 3990 se
771 3933 918 4008 formant.

263 4021 326 4088 269.
346 4017 516 4093 Doridaque.
530 4024 636 4076 Oceani
649 4033 677 4078 et
693 4025 819 4100 Tethyos
827 4025 934 4098 filiam,
954 4025 1041 4082 Nerei
1060 4045 1198 4090 uxorem,
1219 4031 1339 4079 matrem
1353 4025 1435 4100 Nym·

202 4104 324 4176 piarum
344 4112 529 4164 marinarum.

261 4202 323 4267 ²75·
346 4197 464 4255 Sustulit
493 4201 658 4259 omniserun-
679 4209 773 4260 omnia
785 4205 920 4279 ferentes
941 4215 968 4260 et
986 4204 1184 4279 producentes.
1205 4201 1339 4260 Sustulit:
1360 4202 1435 4259 uide·

119 4324 122 4331 .
202 4295 250 4338 tur
273 4292 362 4360 poe'tu
388 4296 546 4364 respexisse
566 4293 606 4344 ad
625 4295 717 4350 locum
739 4298 906 4351 Pausaniae
926 4299 953 4348 iu
974 4297 1084 4350 Atticis,
1107 4298 1159 4346 Est
1179 4292 1259 4366 apud
1285 4293 1435 4348 Athenien·

199 4392 242 4429 ses
262 4378 444 4435 simulacrum
465 4391 559 4437 terrae
580 4384 642 4436 lat-i
662 4386 849 4458 supplicantis
870 4397 900 4442 ut
920 4407 936 4441 e
955 4385 1035 4440 caelo
1056 4383 1171 4439 intutum
1191 4382 1371 4453 demitteret„
