3008 5160
232 269 281 378 78
558 288 592 344 r.
623 286 751 346 osum
778 285 945 348 risoris

144 413 227 493 Pes
254 408 377 492 modo
404 426 489 487 tam
517 405 639 488 uelox
662 405 800 518 ptgrn's
827 401 1043 485 radicibus
1071 402 1230 493 barret,

147 525 234 607 Ora
263 549 463 605 cacumen
491 519 602 605 obit.-
629 534 811 599 remanet
839 518 953 612 nitor
977 544 1085 596 unus
1112 515 1159 595 in
1186 513 1277 595 illei.

144 631 770 747 HancquoquePboebusamat:
776 632 999 742 positaque
1010 630 1055 709 in
1063 624 1367 738 stipitedeoetrci

144 750 278 832 Sentit
305 746 446 828 adbuc
474 741 681 854 trepidare
708 772 814 828 noro
841 745 917 825 sub
935 745 1092 826 cortice
1113 758 1276 851 pectus.

148 860 479 971 Compleoeusque
497 856 588 940 suis
616 885 768 951 ramos,
788 875 834 937 ut
852 859 1045 949 membra,
1073 856 1259 945 lacertis,
1283 847 1366 935 555

150 973 310 1057 Oscula
337 971 414 1054 dat
442 971 580 1085 ligno:
608 969 766 1083 refugit
793 987 932 1052 tamen
949 970 1097 1053 oscula
1116 969 1293 1082 lignum.

147 1086 228 1170 Cui
253 1086 395 1176 Deus,
413 1084 477 1166 At
496 1082 659 1197 coujur
687 1084 885 1195 quoniam
902 1112 995 1165 ntea
1012 1112 1097 1165 non
1110 1099 1230 1191 potes
1248 1107 1359 1174 esse,

142 1199 285 1281 Arbor
308 1200 392 1280 eris
419 1213 548 1288 certe,
576 1194 712 1290 dr'xit,
740 1225 853 1282 ntea.-
882 1225 1042 1306 semper
1064 1197 1273 1278 trabebant

144 1310 204 1392 Te
232 1306 372 1402 romu,
401 1326 441 1390 te
467 1308 675 1402 citharae,
703 1326 743 1390 te
770 1327 958 1402 nostrae,
986 1309 1120 1402 latere,
1143 1308 1379 1418 pltaretrae.

143 1422 208 1503 Tu
235 1421 413 1505 ducibus
430 1422 571 1503 Latiis
588 1419 746 1528 aderis,
765 1452 863 1504 cum
879 1423 992 1503 laeta
1011 1422 1260 1530 triumphum
1282 1414 1363 1500 560

148 1537 190 1619 V
190 1565 250 1619 or
278 1552 420 1625 canet,
448 1552 488 1616 et
516 1534 670 1649 longae
698 1536 830 1618 visent
860 1533 1069 1645 Capitolia
1092 1562 1282 1644 pompae.

144 1648 342 1731 Postibus
371 1648 585 1760 Augustis
612 1646 760 1730 eadem
773 1646 1000 1757 fidissima
1028 1664 1171 1730 custos

144 1762 259 1843 Arne
277 1760 398 1868 fores
425 1760 575 1853 stabis,
603 1757 865 1873 rrtedr'amque
892 1763 1055 1842 tuebere
1082 1789 1293 1872 quercum.

148 1871 285 1985 thtee
313 1901 446 1952 nterim
472 1874 653 1955 intonsis
680 1890 810 1984 caput
836 1890 900 1956 cst
917 1873 1103 1988 juvenile
1131 1873 1321 1980 capillis;

144 1985 177 2066 Ί
178 1985 210 2064 ἰι
239 2014 400 2095 quoque
421 2004 644 2095 perpetuos
671 2015 832 2095 semper
851 2015 954 2100 gere
969 1984 1147 2094 frondis
1175 1986 1363 2068 bonores.

143 2096 336 2178 Furiam
364 2097 532 2185 Paean:
549 2100 689 2208 factis
716 2097 841 2182 modo
869 2099 1014 2180 Interea
1041 2097 1171 2179 rumis
1285 2093 1367 2181 566

143 2209 334 2294 Annuit.-
363 2227 487 2320 utque
515 2230 657 2322 caput,
687 2212 777 2294 risa
803 2229 866 2293 est
892 2213 1082 2324 agitasse
1109 2238 1327 2293 cacumen.

192 2550 254 2602 553.
275 2547 357 2602 Hanc
377 2565 502 2622 quoque.
523 2550 652 2604 Laurum
672 2549 801 2624 Apollini
820 2550 937 2626 (inquit
949 2546 1090 2603 Eusebius
1107 2565 1248 2621 praepar.
1262 2549 1373 2623 Ιίνιιις.

138 2660 182 2693 ιι.
197 2645 209 2708 )
228 2637 414 2704 dedicarunt,
426 2641 495 2715 quia
514 2642 601 2717 ignea
621 2650 683 2709 est,
704 2640 780 2696 unde
799 2641 867 2696 adio
879 2640 1090 2696 Daernonibus:
1103 2648 1131 2694 et
1144 2641 1171 2694 si
1183 2639 1373 2704 comburitur,

133 2729 288 2802 plurimum
307 2738 408 2795 sonat,
427 2728 505 2806 quod
527 2731 714 2806 praedicendi
739 2736 875 2789 virtutem
899 2732 1062 2808 significat,
1086 2749 1128 2786 ec.
1164 2730 1239 2787 Nam
1268 2729 1374 2789 Phaebi

134 2819 272 2898 Delphica
291 2820 387 2878 laurus
407 2821 540 2879 Terribili
560 2823 655 2883 sonitu
676 2825 790 2880 flamma
809 2821 968 2902 crepitante
988 2835 1141 2881 crematur.
1161 2826 1277 2881 lueret.
1291 2824 1373 2882 tino.

134 2916 326 2970 Divinationis
345 2915 505 2990 symbolum
523 2933 586 2971 esse
604 2915 702 2971 uoluit.

197 3007 259 3075 559.
280 3004 321 3059 Te
341 3003 562 3060 citharaedlinc
580 3006 709 3061 laureati
727 3007 756 3058 in
775 3022 862 3062 scena
880 3005 1051 3063 citharoedi.
1182 3067 1185 3071 ,
1249 3068 1255 3075 ,

194 3098 256 3148 560.
275 3093 320 3148 Tu
340 3093 470 3150 ducibus,
490 3097 620 3163 Laurus,
633 3098 724 3170 inquit
736 3097 846 3153 Plinius
861 3096 882 3151 l.
898 3101 940 3153 15.
951 3114 1016 3172 cap.
1028 3100 1073 3152 30.
1089 3080 1243 3185 triurfflt's
1258 3099 1376 3173 proprie

135 3184 263 3254 dicatur,
274 3189 441 3263 gratissima
460 3186 590 3242 domibus
605 3187 733 3261 ianitrix
760 3190 920 3244 Caesarum
948 3189 1184 3265 Pontificumque.
1204 3193 1289 3264 Quae
1313 3190 1375 3245 sola

134 3286 162 3330 et
181 3276 283 3334 domos
301 3288 425 3334 exornat
445 3288 473 3335 et
492 3286 560 3333 ante
578 3279 678 3334 limina
696 3281 821 3337 excubat
826 3303 835 3346 3
849 3290 878 3336 et
890 3279 985 3356 infra:
997 3284 1133 3338 Romanis
1146 3286 1305 3359 praecipue
1315 3283 1375 3338 lae·

136 3371 219 3425 titiae
232 3374 469 3447 victoriarumque
487 3373 594 3426 atracia
614 3370 735 3427 additur
752 3372 857 3441 literis,
868 3383 898 3428 et
916 3373 1039 3431 militum
1056 3375 1168 3429 lanceis
1180 3375 1315 3452 pilisque.
1323 3378 1373 3431 Ex

134 3461 179 3515 in's
203 3465 232 3517 in
251 3466 360 3540 gremio
379 3467 458 3520 toris
483 3469 548 3539 Opt.
559 3467 645 3519 Max.
656 3464 827 3531 deponitur,
850 3470 961 3543 quoties
979 3469 1125 3524 laetitiam
1151 3487 1228 3524 nova
1253 3471 1374 3526 uictoria

136 3555 244 3609 attulit.
268 3557 354 3610 Trist.
365 3560 391 3627 4.
402 3555 449 3611 lib.
460 3556 532 3631 eleg.
547 3578 570 3612 ι.

193 3648 399 3723 561.Pompae.
421 3652 607 3720 Captivorum
626 3667 663 3705 ac
682 3669 777 3705 rerum
802 3651 926 3706 omnium
953 3655 1145 3725 pretiosarum
1164 3656 1194 3708 in
1225 3653 1299 3711 bello
1325 3670 1372 3706 ca·

135 3746 268 3810 plorum,
281 3739 497 3793 simulacrorum
517 3747 669 3812 praeterea
691 3741 801 3795 urbium
825 3751 1074 3818 expugnatarum:
1099 3742 1263 3800 baecenim
1281 3741 1374 3800 onmia

138 3834 167 3884 in
187 3830 330 3905 triumpha
348 3831 550 3906 gestabantur.

195 3925 259 3976 563.
272 3919 449 3995 Mediumque
470 3921 586 3978 tuebere
606 3943 753 3999 quercum.
774 3928 848 3981 ltine
866 3927 1031 4002 intelligunt
1049 3928 1182 3982 nonnulli
1193 3927 1319 3984 mediam
1331 3926 1369 3980 in·

136 4019 181 4065 ter
198 4010 275 4065 duas
293 4011 392 4065 lauros
412 4021 481 4065 terite
500 4015 686 4086 Irrsperatart's
696 4013 785 4089 sores
796 4018 964 4091 plantatam
983 4019 1096 4072 stetisse
1114 4035 1265 4093 quercum:
1292 4013 1373 4073 aliud

140 4110 235 4154 tamen
256 4099 389 4155 declarat
409 4103 477 4156 Dio.
499 4101 518 4155 l.
541 4108 584 4158 53.

201 4199 263 4264 5⁶·i·
283 4192 407 4249 intonsis
427 4208 521 4271 caput.
552 4198 674 4270 Apollo,
699 4220 781 4274 quern
800 4199 919 4255 eundem
940 4218 1003 4255 cum
1030 4199 1143 4256 Baccho
1168 4218 1232 4257 esse
1256 4200 1354 4256 uolunt
1361 4236 1370 4262 ,

137 4286 405 4359 comatusfingitur
424 4295 452 4342 et
473 4285 618 4355 iratrerbis,
633 4308 689 4364 quo
708 4289 786 4344 radii
805 4291 880 4346 Satis
900 4299 930 4346 et
950 4293 1030 4366 vigor
1049 4310 1197 4368 nunquam
1223 4305 1368 4348 senescens

138 4382 326 4455 significatur.
