3008 5160
598 291 964 354 neranownoseolt
980 292 1052 351 nm.
1079 292 1136 349 nt.

321 513 477 602 Cadmo
495 514 605 631 dopo
624 522 657 602 si
674 519 784 604 vario
801 549 825 604 e
841 406 938 714 ἔξω]
957 516 1147 632 periglio,

265 626 375 711 Tehe
393 628 543 714 vednto
561 659 655 713 area
674 659 823 716 cresoer
872 634 881 652 '
903 656 1027 728 sorte,

265 739 349 823 Che
363 743 406 825 in
424 765 566 855 questo
585 771 660 827 sno
678 772 759 827 non
777 745 959 830 meritato
977 743 1114 853 esiglio

265 853 306 936 Si
324 877 442 966 potea
462 878 663 939 contentar
682 854 785 938 della
804 883 874 939 sua
894 880 1020 941 sorte:

266 967 375 1048 Area
392 967 471 1078 piir¹
485 966 587 1050 d'un
606 969 767 1080 nipote,
784 998 808 1052 e
825 970 900 1081 piri
918 968 1020 1052 d'un
1040 964 1169 1079 figlio,

266 1072 356 1160 Eia
404 1081 447 1160 in
466 1077 570 1162 bella
588 1107 610 1162 e
629 1081 701 1194 pin
719 1081 1051 1193 saggiaoonsorte

266 1107 553 1275 Ch'aimondo
572 1190 676 1277 fosse
693 1193 735 1275 in
753 1193 1015 1306 qualsivoglia
1033 1217 1168 1306 parte,

266 1299 302 1384 E
319 1329 390 1413 per
409 1305 535 1387 soceri
554 1331 649 1387 area
667 1303 822 1388 Venere
840 1335 863 1389 e
881 1306 1022 1388 Marte.

320 1521 407 1608 Che
426 1554 521 1637 gran
541 1524 717 1612 felicita!
742 1528 816 1612 che
835 1556 929 1640 gran
948 1552 1160 1628 contento,

266 1634 430 1720 Vedersi
450 1667 529 1721 una
550 1639 723 1750 samiglia
743 1642 775 1722 si
793 1639 942 1742 fiorita‚
1069 1669 1072 1679 ·

225 1759 227 1763 ’
265 1747 302 1830 E
320 1750 556 1836 cominciata
575 1781 667 1835 aver
686 1749 752 1835 dal
773 1746 1033 1835 fondamento
1065 1773 1067 1777 ·

266 1857 360 1945 Una
380 1863 474 1947 citta
492 1867 524 1947 si
543 1863 699 1966 nobile,
717 1892 740 1946 e
760 1859 931 1948 fornita!

265 1970 334 2073 Ma
353 1972 449 2057 ohe?
468 2004 614 2062 nestun
633 1978 666 2060 si
683 1981 768 2090 pua
788 1977 963 2059 chiamar
982 1995 1169 2061 contento

268 2082 344 2166 Fin
362 2087 426 2169 all'
437 2113 608 2173 estremo
626 2111 754 2202 punto
774 2085 877 2169 della
896 2087 1000 2172 vita:

266 2195 442 2282 Fortuna
462 2201 556 2309 ogni
575 2230 648 2285 suo
668 2197 816 2311 gaudio
835 2200 877 2282 in
895 2199 1031 2312 pianto
1050 2197 1184 2298 votse,

267 2305 304 2390 E
322 2309 349 2391 il
368 2335 556 2398 contento
575 2313 757 2413 ch'avea,
775 2312 956 2509 tutt05gli
973 2314 1084 2398 tolse.

322 2529 478 2618 Cadmo
498 2563 555 2617 un
573 2535 709 2648 nipote
727 2564 822 2619 avea
840 2433 962 2620 ti'nna
981 2564 1052 2620 sua
1069 2533 1198 2645 figlia:

266 2642 397 2728 Felice
417 2646 475 2729 lui
494 2676 536 2732 se
554 2676 636 2731 non
653 2649 677 2731 l'
689 2677 822 2733 avesse
840 2672 987 2749 avuto,

267 2753 339 2839 Ch'
350 2787 472 2846 annor
490 2789 624 2845 serene
642 2763 748 2845 avria
768 2762 804 2843 le
823 2785 946 2844 meste
966 2756 1100 2869 ciglia,

265 2866 349 2950 Che
368 2901 449 2955 non
467 2874 500 2958 si
519 2876 660 2986 piange
678 2875 706 2955 il
725 2872 804 2957 ben
822 2902 903 2954 non
923 2870 1173 2956 conosciuto:

265 2978 425 3065 Cortese
444 3014 508 3069 era
526 3015 548 3067 e
568 2985 666 3068 leole
684 3013 708 3066 a
727 2983 979 3094 meraviglia‚

263 3090 328 3172 Da
347 3116 450 3180 tutto
469 3122 618 3211 quanto
638 3098 667 3181 il
685 3127 806 3208 regno
825 3095 904 3180 ben
922 3095 1079 3200 volnt03

264 3203 413 3307 Grato,
433 3208 649 3318 giocondo,
668 3239 692 3293 e
710 3208 754 3294 di
801 3209 950 3292 iacevol
971 3206 1110 3307 faccia,

263 3313 302 3400 E
319 3345 434 3432 sopra
453 3319 577 3404 modo
595 3352 696 3435 vago
715 3241 819 3405 delia
838 3321 980 3516 cabocia

319 3537 390 3626 Un
410 3571 500 3628 caso
519 3567 649 3630 strano
667 3547 705 3628 al
723 3546 867 3630 misero
887 3545 1136 3639 interamne,

261 3649 293 3733 ΙΙ
313 3655 490 3763 maggior
509 3655 725 3765 infortunio
744 3688 825 3742 non
845 3656 889 3739 su
908 3657 1007 3754 mai,

262 3763 300 3848 Ε
320 3761 361 3845 di
380 3769 520 3877 quanti
539 3771 667 3879 parlar
685 3771 709 3852 l'
721 3770 877 3851 antiche
895 3795 1044 3881 penne,

261 3877 376 3959 Tutti
395 3876 449 3986 gli
469 3880 556 3963 altri
575 3886 723 3977 avanzo
742 3905 884 3994 questo
904 3878 1052 3960 d'assai.

261 3989 324 4070 Da
343 3989 402 4070 lui
420 3989 550 4074 Diana
568 3995 689 4077 offesa
707 4024 765 4074 un
783 3990 824 4073 di
844 3991 876 4073 si
896 4014 1010 4074 tenne
1027 4054 1041 4089 ‚,

260 4101 329 4185 Ma
348 4131 430 4184 non
449 4104 473 4186 Γ
481 4107 627 4207 offese‚
646 4135 668 4187 e
688 4127 733 4187 tu
751 4104 927 4188 Fortuna
940 4103 963 4182 ’l
982 4103 1060 4211 sai3

257 4210 295 4295 E
312 4211 464 4298 sebben
482 4219 577 4329 quel
597 4215 775 4301 meschin
793 4215 921 4297 Diana
939 4213 1115 4327 incolpa,

257 4325 323 4410 Tu
343 4327 401 4410 sai
418 4357 516 4439 pur,
536 4331 608 4413 che
628 4329 673 4412 l'u
692 4354 761 4416 tua
777 4350 880 4414 tutta
898 4326 934 4412 la
955 4325 1081 4440 colpa.
