3038 5154
354 318 436 405 356
692 344 728 405 r.
755 346 883 406 onon
901 268 1074 404 ¹ursoras

272 460 384 555 Ibat,
402 480 446 544 ut
463 465 651 578 injiceret
669 483 831 572 sperato
849 462 1020 544 braclu'a
1038 460 1160 543 collo.

270 574 348 654 Ille
349 575 469 690 fagit
478 637 489 668 ‚
487 579 928 690 fiegieasqaeManus
939 574 1227 682 complexibus
1238 573 1374 680 ausen
1387 566 1460 686 390

272 686 405 776 Ante,
423 690 509 782 ar’t,
528 692 720 781 emoriar,
739 718 861 800 quma
879 690 935 769 sr't
953 689 1030 768 tibi
1045 688 1167 795 copia
1187 688 1339 766 nostri.

270 798 439 880 Rettulit
455 802 532 882 illa
548 802 672 895 nibil,
690 803 797 893 nisi,
817 802 875 884 Sit
894 798 968 883 tibi
989 800 1101 908 eopia
1121 798 1261 881 nostri.

271 910 415 1021 Spreta
433 913 532 994 latet
549 914 680 996 silvis:
695 910 1022 1026 pudibundoque
1028 909 1260 1020 frondibus
1281 937 1360 991 ora

271 1022 485 1137 Protegit,
503 1043 544 1107 et
560 1026 662 1108 solis
679 1056 737 1106 ea
755 1027 830 1108 illo
847 1027 941 1109 vivit
960 1028 1005 1107 in
1023 1026 1169 1105 antris.

271 1134 356 1216 Sect
373 1154 507 1219 tamea
525 1140 662 1219 lraeret
678 1169 814 1234 amor,
833 1141 1060 1247 crescitque
1077 1133 1220 1217 dolore
1239 1134 1445 1243 repulsae.

269 1246 502 1330 Attenuant
519 1251 674 1363 vigiles
691 1279 843 1361 corpas
860 1249 1089 1332 miserabile
1107 1277 1257 1332 curae.-
1403 1240 1473 1358 396

269 1357 540 1472 Adclacr'tqac
551 1379 685 1444 eutem
702 1366 878 1459 maer'es;
895 1379 935 1443 et
952 1363 997 1442 ia
1014 1374 1113 1443 ae'rra
1130 1386 1289 1440 saccus

272 1468 461 1579 Corporis
474 1475 604 1556 omm's
615 1475 715 1556 abit:
726 1504 808 1557 voe
820 1490 991 1567 tantum,
1004 1490 1126 1583 atque
1139 1497 1238 1550 ossa
1251 1484 1472 1579 supersunt.

272 1583 322 1669 V
313 1614 373 1667 ox
390 1602 547 1672 maaet:
565 1614 661 1667 ossa
669 1588 815 1695 ferunt
833 1584 989 1696 lapidis
1007 1583 1191 1665 traxisse
1195 1581 1413 1694 figuram.

268 1693 286 1804 (
307 1696 409 1778 Inde
427 1698 525 1779 latet
543 1697 678 1792 silvis,
696 1699 889 1810 nulloque
906 1700 952 1779 ia
970 1712 1103 1779 monte
1122 1690 1309 1790 videtum
1401 1700 1469 1798 boo

269 1808 468 1891 Omnibus
479 1808 659 1893 auditur.
677 1811 814 1894 Sonus
830 1826 911 1904 est,
931 1810 1005 1920 qai
1020 1807 1113 1893 vivit
1130 1807 1177 1885 ia
1194 1806 1286 1887 illa'.
1309 1799 1330 1914 )

314 3789 375 3857 394.
397 3781 501 3840 Antris.
521 3782 569 3837 Aa
587 3781 737 3856 speluncas
757 3783 844 3849 enim,
865 3799 957 3849 saxa,
979 3799 1065 3856 rupes
1084 3778 1193 3837 solidas
1212 3790 1241 3837 et
1266 3799 1430 3850 concavas,
1442 3801 1480 3838 mr

255 3897 301 3933 ces
319 3895 370 3951 per
389 3877 469 3930 ae'rr's
487 3884 587 3947 partes
606 3875 713 3930 clarius
732 3891 915 3951 repercussae
934 3873 1074 3929 resiliunt.

314 3972 376 4040 395.
396 3967 500 4022 Haeret
520 3987 604 4022 arnor.
628 3967 752 4022 Videtur·
771 3969 912 4041 respicere
930 3967 1018 4039 poe'ta
1037 3965 1079 4021 ael
1096 3965 1171 4021 illud
1191 3969 1222 4024 V
1222 3968 1302 4044 tegit.
1325 3973 1351 4040 4.
1371 3967 1474 4025 AEaer'rl.

255 4092 291 4102 —
303 4058 410 4114 Haeret
428 4056 509 4113 lateri
528 4055 618 4112 letalis
638 4058 755 4114 arundo.
777 4057 861 4129 Quod
879 4067 906 4113 ct
929 4059 1065 4112 Terentio
1075 4056 1243 4130 samr'lr‘are.
1256 4059 1391 4115 Buauclr.
1412 4063 1435 4114 5.
1453 4078 1476 4126 9-

255 4149 403 4226 —pcrfice
423 4148 477 4206 hoc
497 4181 533 4193 ·-
553 4150 704 4227 precibus,
725 4151 831 4228 pretio,
845 4162 876 4207 ut
895 4149 1024 4206 lracreem
1037 4148 1129 4226 aliqua
1150 4151 1179 4207 in
1199 4163 1280 4229 parte
1294 4163 1390 4209 tamen
1409 4146 1475 4227 apud

257 4239 407 4295 Thaidem.

312 4336 377 4404 396.
395 4334 512 4409 Corpus.
533 4335 622 4393 Vocis
642 4335 881 4410 metamorphosin
893 4333 1011 4407 fecerat
1030 4337 1150 4393 lunonis
1170 4337 1214 4392 ira
1223 4361 1233 4403 ,·
1246 4340 1394 4414 carparis,
1408 4333 1472 4392 Na

254 4428 318 4481 cisss'
337 4424 461 4501 repulsa.
