3008 5160
233 238 306 349 178
560 259 593 314 r.
622 257 745 311 usum
774 253 933 312 nasonis

200 386 263 466 At
274 397 399 493 poter
415 379 669 486 ornnipotens
688 372 877 484 ingentio
895 369 1056 450 moenia
1076 366 1187 449 coeli

146 497 320 591 Circnit;
339 511 395 586 et,
414 521 465 572 ne
484 485 589 601 qnid
605 486 857 596 labefactum
875 483 1028 564 mribus
1046 480 1160 590 ignis

144 610 340 706 (tinient,
359 604 552 714 explorat
562 640 573 696 ;
594 629 699 710 qtsoe
713 595 1070 708 postqnomfirmo
1081 653 1093 686 ,
1106 592 1251 702 suique

141 722 313 805 Roboris
331 745 422 799 esse
440 712 566 800 ridet:
587 729 745 804 terras,
765 710 1053 819 lsornz‘unmqne
1072 704 1233 784 labores

55 829 57 832 ⁴
143 833 364 942 Perspicit:
385 825 604 910 Arcadiae
623 840 759 906 tomen
778 837 839 903 est
858 820 1081 930 impensior
1096 815 1164 895 illi
1273 812 1348 920 405

146 945 255 1028 Ocra
274 972 391 1024 serae:
401 941 648 1049 fontesque,
666 955 706 1016 et
724 930 908 1017 nondum
928 929 1124 1013 audentia
1142 926 1232 1005 labi

143 1058 189 1143 F
183 1058 340 1137 lantino
359 1053 563 1136 restitnit.-
581 1047 657 1131 dot
675 1066 806 1129 terroe
820 1035 1218 1158 gramino,frondes

141 1170 393 1263 Arboribus;
412 1165 629 1272 laesasque
639 1161 757 1273 jubet
776 1159 1014 1243 revirescere
1032 1153 1171 1239 siluae.

142 1282 259 1365 Dum
277 1277 403 1385 redit,
424 1279 534 1389 itque
544 1272 766 1385 frequens;
785 1271 830 1351 in
849 1271 1007 1382 su'rgiue
1025 1264 1305 1351 Nonacrina*

144 1394 313 1478 Haesit:
332 1406 372 1470 et
391 1387 556 1496 accepti
573 1386 736 1468 caluere
753 1386 827 1465 snb
847 1385 1008 1464 ossibus
1027 1382 1158 1492 ignes
1271 1383 1344 1480 4ιο

146 1505 244 1589 Νοη
262 1519 352 1586 erut
370 1499 493 1611 tuqus
512 1526 613 1608 optes
632 1498 772 1578 lenam
789 1495 948 1577 mollire
966 1488 1192 1584 trolrendo;

194 2877 257 2934 Fas.
276 2877 312 2932 V.
333 2887 360 2932 et
380 2875 430 2931 Vl·
452 2875 519 2952 Arg.
540 2875 578 2930 As
599 2884 683 2949 pater
702 2877 888 2951 omnipotens.
902 2877 1009 2953 Iupiter
1032 2896 1096 2934 cum
1118 2877 1250 2955 reliquias
1263 2893 1359 2938 torren-

139 2967 263 3046 lisignis
283 2979 511 3045 persequeretur,
533 2979 562 3022 ut
582 2965 774 3024 laborantibus
793 2987 876 3044 opem
898 2968 983 3023 ferret
1003 2967 1185 3036 mortalibus,
1206 2991 1271 3026 cum
1292 2970 1357 3027 circa

140 3060 327 3118 Nonacrinum
348 3071 472 3114 montem
494 3058 645 3125 Arcadiae,
667 3059 714 3114 ubi
734 3060 845 3136 genitus
865 3059 1056 3127 existimatur,
1078 3075 1238 3137 vagaretur,
1258 3064 1286 3118 in
1306 3061 1360 3119 Cal·

139 3151 220 3209 listus
239 3150 377 3227 Lycaonis
397 3147 469 3204 filiae
489 3148 588 3204 incidit
611 3170 742 3205 amorem.
764 3152 815 3206 cui
835 3172 898 3207 cum
921 3172 1017 3228 preces
1036 3151 1070 3206 de
1092 3151 1272 3229 eupleiuento
1297 3153 1360 3209 desi·

139 3241 208 3299 derii
220 3242 262 3297 sni
276 3239 459 3304 admouisset,
480 3238 678 3313 frustratasque
693 3261 778 3298 voces
795 3263 858 3298 suas
878 3241 1077 3311 intellexisset,
1095 3257 1174 3300 aestu
1195 3265 1255 3300 cam
1274 3244 1360 3304 subiit:

139 3332 167 3388 in
188 3333 293 3388 Dianae
313 3349 434 3404 numque
454 3346 553 3384 sexum
571 3347 601 3384 se
616 3331 741 3405 trajecit,
761 3351 792 3390 ac
811 3332 959 3408 fatigatae,
979 3347 1094 3390 ornatus
1125 3334 1256 3411 pharetra
1281 3337 1360 3413 inagit-

142 3424 232 3501 tisque
253 3422 332 3482 velut
351 3423 456 3487 Diana,
476 3421 610 3488 occurrit,
635 3444 668 3479 ac
693 3439 770 3481 veste
790 3425 893 3502 pariter
911 3426 1000 3500 posita
1023 3426 1117 3503 sirgu,
1136 3430 1232 3484 lovem
1254 3442 1360 3507 experta

142 3529 195 3572 est.
208 3515 305 3589 Neque
325 3512 388 3567 ideo
408 3533 423 3567 a
444 3514 551 3568 Iunone
573 3513 730 3571 immerenti
744 3514 878 3573 delictum
896 3517 1041 3575 remissum
1063 3530 1113 3573 est.
1134 3520 1203 3574 Nam
1221 3519 1360 3576 confestim

139 3606 275 3686 pellicatu
285 3607 344 3680 ejus
357 3605 470 3663 incensa
477 3648 487 3674 ,
507 3627 542 3662 ne
562 3604 681 3683 amplius
695 3606 905 3684 pulchritudine
927 3613 1075 3687 conjugem
1096 3623 1219 3687 caperet,
1235 3614 1262 3666 in
1277 3632 1361 3668 ursam

123 3699 200 3754 ‘eam
220 3695 442 3773 transfiguravit,
465 3718 536 3772 quae
556 3719 571 3753 a
591 3700 660 3754 Iove
681 3719 743 3755 cum
766 3699 875 3755 Arcade
897 3699 969 3765 silio,
990 3721 1073 3774 quern
1094 3712 1153 3754 erat
1175 3701 1272 3766 ctrina,
1295 3701 1362 3756 inter

138 3789 229 3849 sidera
257 3788 423 3856 collocatur,
447 3809 463 3843 a
492 3790 606 3847 Graecis
632 3802 725 3846 autem
751 3790 864 3860 Helice,
886 3813 900 3846 a
922 3792 1023 3847 uostris
1043 3791 1203 3867 Septentrio
1224 3811 1359 3869 nuncupa·

138 3892 199 3950 tur,
224 3893 253 3938 et
278 3901 293 3935 a
320 3879 413 3954 Tetby
434 3891 462 3934 et
481 3880 597 3938 Oceano
627 3881 665 3938 ob
690 3882 807 3939 lunonis
827 3881 895 3937 iram
917 3882 990 3937 inter
1020 3894 1129 3937 caetera
1149 3882 1238 3937 sideru
1257 3881 1359 3957 liquore

137 3992 194 4028 non
215 3972 340 4048 tingitur.

195 4068 260 4136 405.
281 4060 418 4119 Arcadiae
439 4080 513 4118 suae.
534 4067 562 4120 A
580 4084 610 4121 se
629 4076 755 4122 amatae.
776 4069 839 4122 Sive
864 4075 982 4141 propter
1001 4065 1132 4138 Mnjnm,
1157 4066 1277 4140 quaein
1299 4061 1359 4135 (⁹31-

136 4154 212 4220 lene,
233 4156 323 4229 ipsius
341 4151 487 4208 Arcadiae
507 4166 599 4210 moute
612 4160 786 4212 Mercurium
806 4161 925 4232 peperit.
946 4160 1009 4210 Siue
1029 4156 1069 4209 nd
1089 4155 1161 4209 ilinn'
1180 4158 1269 4228 puelu
1290 4154 1356 4207 ullu·

136 4247 192 4314 dit,
214 4247 290 4323 qnod
312 4242 441 4301 Arcades
460 4261 515 4299 non
536 4250 627 4303 minus
647 4269 731 4322 qnam
755 4254 898 4307 Cretenses
918 4248 998 4321 opud
1017 4267 1046 4301 sc
1066 4258 1164 4302 nutum
1192 4266 1251 4300 esse
1272 4250 1356 4298 locem

134 4340 314 4394 caritensium.
