3008 5160
235 171 319 287 132'
561 224 595 284 r.
624 224 752 285 ouon
777 223 942 287 sssoms

143 342 355 426 Poenituit
362 343 533 458 jurasse
546 358 726 450 patrem,
745 345 818 455 qui
833 359 997 456 terque,
1016 362 1238 457 quaterque

146 453 396 540 Concutiens
414 455 573 538 illustre
592 472 736 565 caput,
756 455 1011 548 Temeraria,
1030 455 1164 548 dixit,
1292 452 1342 538 5ο

147 568 199 654 V
188 597 249 652 ox
267 599 357 650 meo
364 567 494 676 sacta
512 572 585 650 tud
602 587 684 656 est:
703 569 861 649 utinam
873 570 1079 677 promisso
1097 570 1238 650 liceret

138 677 238 764 Non
255 678 384 762 dare!
407 678 628 788 confiteor,
646 679 779 763 solum
797 682 876 763 hoc
894 683 986 787 tibi,
1008 699 1120 773 nate,
1139 709 1343 794 negarem.

141 790 403 876 Dissuadere
421 791 540 880 licet.-
558 821 642 874 non
660 808 722 875 est
740 809 813 874 tuo
832 809 921 874 tutu
940 793 1150 880 voluntas.-

141 903 314 1018 Magno
327 906 455 1015 petis,
472 905 705 999 Phaethon,
724 922 764 987 et
780 935 885 1018 quae
904 933 980 986 nec
999 907 1150 988 viribus
1168 906 1263 987 istis
1320 993 1323 1003 ,

140 1016 326 1100 Munera
344 1017 609 1111 conveniunt,
628 1047 705 1100 nec
724 1035 809 1099 tam
822 1017 1050 1128 puerilibus
1068 1020 1205 1099 annis.
1291 1016 1341 1101 55

141 1129 242 1212 Sors
261 1147 334 1211 tua
352 1131 541 1212 mortalis
547 1169 560 1228 ;
579 1159 663 1212 non
680 1146 743 1211 est
759 1131 932 1213 mortale
958 1129 1072 1241 quod
1088 1148 1220 1240 optes.

140 1241 247 1324 Plus
264 1243 410 1336 etiam,
428 1271 552 1355 quom
570 1240 685 1352 quod
699 1242 866 1353 Superis
885 1245 1123 1355 contingere
1136 1243 1287 1351 possit,

141 1352 323 1438 Nescius
339 1353 549 1463 adfectas:
563 1355 732 1463 placent
749 1355 832 1436 sibi
848 1355 1019 1467 pisisque
1037 1355 1192 1451 licebit,-

133 1466 240 1571 „Non
257 1482 395 1548 tamen
411 1467 590 1580 ignifero
609 1467 826 1579 quisquam
843 1469 1067 1552 consistere
1084 1468 1129 1548 in
1146 1495 1251 1559 nce,

132 1574 235 1672 Me,
254 1579 381 1672 volet,
399 1594 594 1688 excepto.-
613 1580 720 1661 oosti
736 1608 895 1691 quoque
913 1596 1049 1660 rector
1066 1579 1251 1688 Olympi,
1291 1575 1340 1660 60

144 1689 234 1801 Qui
239 1694 340 1802 sera
357 1691 533 1772 terribili
538 1690 760 1804 joculatur
764 1692 952 1799 fulmina
970 1689 1144 1784 (iextrd,

140 1800 241 1886 Non
258 1820 357 1916 aget
374 1803 448 1885 hos
467 1832 634 1889 currus:
652 1819 692 1883 et
709 1801 814 1914 quid
828 1806 929 1888 Jove
946 1804 1082 1915 majus
1100 1802 1300 1883 liabetur?

142 1912 300 1996 Ardua
311 1915 450 2024 prima
468 1915 535 1999 oia
552 1933 635 2009 est,
653 1932 693 1995 et
711 1915 796 2024 qud
812 1917 896 1996 uin
913 1944 1034 1995 mnne
1052 1929 1235 1996 recentes

141 2024 379 2110 Enituntur
391 2030 491 2136 equi
496 2070 509 2114 .·
527 2026 662 2109 medio
679 2043 740 2108 est
758 2027 965 2108 altissimo
983 2025 1116 2132 coelo,

145 2136 268 2221 Unde
287 2167 419 2232 mare,
438 2156 478 2221 et
496 2156 629 2222 terras
647 2138 731 2248 ipsi
746 2139 848 2218 miti
863 2167 984 2248 saepe
1002 2135 1147 2217 uidere
1294 2136 1344 2221 65

140 2250 204 2332 Sit
222 2251 359 2345 timor,
376 2267 418 2333 et
429 2248 587 2362 povidd
603 2245 777 2358 trepidet
783 2249 1015 2360 formidine
1026 2267 1185 2357 pectus,
