3008 5160
250 235 308 350 84
576 263 613 328 1¹.
639 264 769 330 orma
792 263 961 330 nssoms

165 380 330 468 Interea
346 379 507 468 nudios
523 381 638 469 Junc
655 382 852 498 despexit
869 386 916 468 in
932 411 1079 500 agros·

165 493 231 582 Et
248 500 384 582 noctis
391 497 556 608 factem
573 498 747 582 nebulas
752 498 915 609 fecisse
933 499 1118 582 rahieres

166 607 253 692 Sub
270 609 405 694 nitido
422 610 576 692 mirata
593 607 689 710 die;
707 639 786 694 nec
789 608 990 726 fluminis
1007 611 1108 693 illas

163 718 294 833 Esse,
315 752 393 806 nec
411 722 598 805 humenti
611 726 737 807 sentit
753 723 897 806 tellure
914 725 1093 811 remitti:

163 832 308 948 Atque
325 864 426 918 suus
444 835 606 950 conjux
624 838 697 920 ubi
711 837 768 919 sit
784 836 1085 947 circumspicit:
1103 850 1149 917 nt
1167 863 1275 946 quae
1295 827 1371 917 605

162 945 377 1059 Deprenst'
390 949 512 1033 toties
529 950 630 1031 bene
647 965 786 1033 nosset
793 950 919 1059 furta
935 950 1089 1032 mariti.

168 1058 301 1172 Quem
312 1077 537 1174 postquam
555 1061 674 1145 caelo
692 1090 778 1145 non
794 1063 992 1172 repperit.-
1010 1078 1086 1143 aut
1103 1089 1182 1174 ego
1193 1058 1347 1168 fallor,

162 1170 256 1255 Aut
273 1202 352 1305 ego
371 1171 541 1269 laedor,
559 1175 649 1261 ait.-
664 1171 921 1287 delapsaque
938 1177 992 1256 ab
1009 1174 1171 1256 aethere
1187 1200 1345 1255 summo

164 1282 361 1369 Constrtit
375 1287 422 1367 in
439 1286 585 1381 terris,
603 1287 856 1399 nebulasque
873 1284 1063 1369 recedere
1069 1286 1216 1400 jussit.

162 1394 368 1529 Conjugis
384 1396 606 1482 adrentum
618 1414 922 1509 praesenserat;
940 1401 1066 1511 inque
1082 1400 1279 1483 nitentem
1293 1392 1368 1481 610

159 1508 389 1595 Intentos
407 1511 543 1597 vultus
560 1527 789 1597 mutauerat
805 1510 878 1594 ille
885 1511 1124 1626 juvencam.

158 1621 246 1706 Bos
263 1652 425 1736 quoque
432 1623 628 1734 formosa
645 1641 735 1713 est.-
751 1623 930 1738 speciem
947 1624 1150 1707 Saturnia
1162 1652 1344 1717 vaccae,

92 1751 97 1759 “
155 1733 425 2044 §numquam
442 1737 593 1831 inrita,
604 1739 783 1848 pmbat;
800 1764 963 1821 necnon
981 1753 1022 1819 et
1039 1736 1183 1850 cujus,
1195 1755 1238 1819 ct
1250 1734 1368 1830 unde,

204 1876 304 1932 uore
321 1850 378 1931 sit
394 1865 605 1946 armento,
624 1851 712 1935 veri
726 1851 852 1964 quasi
866 1849 1036 1944 nesct'a,
1054 1850 1230 1962 quaerit.

186 1960 321 2070 upiter
334 1991 359 2043 e
376 1965 489 2046 terrei
502 1963 691 2075 genitam
708 1961 920 2058 mentitur,
933 1977 979 2044 nt
997 1979 1149 2046 auctor
1290 1956 1365 2045 615

153 2067 338 2155 Desinat
352 2075 521 2187 inquiri.
538 2075 652 2158 Petit
668 2075 780 2158 hanc
796 2073 997 2158 Satrania
1014 2103 1177 2159 munus.

159 2181 279 2295 Quid
282 2186 462 2296 faciat?
477 2185 665 2282 crudele,
683 2215 783 2271 suos
798 2184 998 2271 addicere
1015 2215 1199 2274 amores:

154 2292 256 2380 Non
271 2296 399 2394 dare,
417 2315 673 2411 suspectum:
685 2297 828 2412 pudor
840 2314 919 2394 cst,
938 2301 1014 2414 qui
1028 2296 1208 2386 suadeat
1223 2299 1358 2398 illinc,-

193 4091 259 4146 608.
270 4083 449 4165 Delsptuqac
460 4084 497 4146 ab
507 4085 622 4151 aethere
635 4111 757 4154 summo.
773 4092 956 4153 &irritatam
968 4101 1052 4152 natat
1062 4094 1215 4154 uenientis:
1229 4098 1354 4170 unque

137 4194 213 4254 quae
232 4176 290 4235 alis
307 4176 427 4237 delata:
448 4182 534 4258 Virg.
558 4203 581 4238 t.
602 4187 665 4241 AEn.
690 4183 818 4244 AEtherin
837 4205 910 4263 quos
928 4185 1006 4265 lepte
1019 4185 1100 4268 phgr
1118 4183 1193 4244 Iovis
1210 4181 1268 4242 alm
1286 4195 1353 4259 spor·

136 4277 167 4324 to
185 4302 224 4315 —
243 4267 354 4328 Turbtt
373 4269 461 4330 eaelo.
489 4275 562 4330 ttem
582 4277 609 4346 4.
628 4276 740 4334 AEnctd.
759 4275 839 4334 Vade
864 4295 932 4355 nge,
953 4289 1054 4355 gutte,
1073 4295 1143 4338 voc·
1159 4271 1315 4354 Zephyrus
1330 4273 1354 4320 *ἶ

134 4354 231 4418 labere
251 4359 360 4438 pennu.
468 4421 472 4427 ⁴
