3008 5160
222 264 275 350 80
547 288 582 349 r.
612 287 934 353 0v1o111tssos1s

181 405 267 490 Est
278 434 420 490 nemus
427 403 891 521 AEmoniae,pmenspta
905 403 1022 522 quod
1031 403 1215 520 undique
1225 406 1392 491 claudit

140 520 276 608 siloa.-
295 524 443 605 tocant
463 519 634 632 Tempe,
649 554 727 633 per
743 553 849 636 quae
865 523 1052 614 Penius,
1070 521 1124 601 ab
1141 522 1225 603 imo

140 627 326 746 Effusas
343 631 506 726 Pindo,
525 640 733 744 spumosis
751 636 924 721 volvitur
940 633 1089 730 andis·
1278 632 1361 744 570

139 743 400 860 Dejeetuque
449 747 541 830 rari
556 762 699 831 tenues
716 750 930 860 agitantia
938 748 1087 858 fumos

138 858 299 945 Nubila
317 776 545 953 condicit,
563 863 815 974 summisque
832 889 957 970 asper
984 860 1053 942 ine
1070 856 1188 941 silvis

140 973 191 1056 In
227 973 310 1059 uit:
327 988 369 1053 et
385 971 525 1055 sonitu
536 971 637 1079 plus
666 1002 764 1055 uam
782 974 922 1055 vicina
959 972 1109 1087 atigat.

183 1112 260 1166 aec
277 1081 438 1192 domas,
457 1083 562 1167 haec
579 1112 624 1166 se
677 1114 712 1181 s,
730 1084 835 1167 haec
852 1099 950 1168 sunt
961 1081 1197 1196 penetralia
1215 1086 1361 1198 magni

139 1198 315 1283 Amnis:
333 1198 379 1278 in
397 1197 489 1289 hoc,
507 1195 695 1280 residens
702 1199 830 1309 facto
848 1193 902 1280 de
919 1198 1112 1280 cautibus
1124 1194 1355 1307 antro,575

86 1383 88 1386 Α
144 1305 284 1393 Undis
291 1308 395 1423 jura
413 1306 568 1404 dabat,
586 1309 797 1421 Nymphis
825 1341 876 1392 ue
893 1309 1124 1394 colentibus
1143 1306 1299 1392 undas.

144 1420 400 1505 Conveniunt
419 1421 522 1504 illuc
534 1423 760 1532 popularia
763 1341 955 1537 fiumina
961 1424 1161 1532 primum,

140 1533 301 1618 Nescia
315 1550 554 1647 gratentur,
573 1537 890 1618 consolenturne
902 1551 1143 1645 parentem,

138 1645 359 1756 Populifer
372 1647 622 1758 Spercheos,
641 1665 683 1731 et
699 1649 946 1762 irrequietus
964 1646 1174 1758 Enipeus,
1273 1645 1351 1760 579

141 1758 189 1840 A
215 1755 450 1871 idanusque
467 1790 621 1856 senex,
640 1762 827 1875 lenisque
845 1760 1140 1870 Amphrysus,
1158 1776 1199 1843 et
1222 1756 1353 1846 AEas:

142 1786 339 1986 liliaque
356 1901 500 1956 amnes
517 1874 615 1967 alii,
634 1877 710 1987 spui
725 1905 809 1987 qna
820 1872 921 1954 'tulit
940 1873 1114 1983 impetus
1132 1872 1251 1967 illos,

141 1984 195 2066 Iu
212 2013 325 2067 mam
342 1983 558 2068 deducunt
564 1989 710 2099 fessas
728 1987 934 2070 erroribus
953 1982 1104 2068 undas.

143 2095 330 2179 Inachus
348 2126 457 2181 untes
473 2100 606 2191 abest,
618 2099 781 2212 imoque
799 2096 1040 2181 reconditus
1058 2113 1185 2181 antro

141 2205 331 2291 Fletibus
347 2226 476 2323 auget
492 2239 652 2323 aquas,
670 2228 895 2324 natamque
911 2211 1168 2293 miserrimus
1184 2210 1239 2296 Ιὸ
1363 2311 1371 2318 ‚

190 2365 255 2423 Fre.
274 2366 312 2422 X.
331 2369 387 2423 Est
411 2384 519 2424 menas.
544 2368 578 2425 I'h
601 2365 703 2427 inachi
726 2366 819 2426 amnis
845 2366 918 2438 iilis,
945 2387 1011 2426 cnm
1034 2365 1169 2445 sequdes
1194 2385 1248 2426 sne
1273 2366 1366 2448 specie

135 2457 336 2536 praecederet,
355 2458 393 2515 sb
411 2459 478 2517 lose
499 2458 626 2518 edomate
647 2474 707 2528 est,
725 2459 776 2539 qui
794 2458 915 2519 admotis
933 2460 1067 2539 precibus
1085 2458 1260 2520 desiderium
1278 2459 1368 2540 exple·

135 2548 193 2619 vit3
213 2560 243 2605 et
261 2567 298 2605 ne
318 2546 412 2627 puelle
430 2548 461 2606 in
478 2548 598 2610 Iunonis
622 2550 694 2610 iram
719 2549 873 2620 incideret,
893 2570 909 2607 s
928 2569 1119 2630 compressere
1138 2549 1170 2608 in
1188 2569 1308 2610 esocem
1325 2560 1366 2607 est

133 2637 343 2716 transfigurato:
362 2641 445 2716 cnjus
464 2638 602 2699 fallacinm
621 2641 694 2700 luno
713 2662 778 2700 cnm
799 2632 1000 2711 intellexisset,
1018 2640 1091 2718 petit
1115 2659 1179 2698 eem
1197 2659 1215 2696 e
1233 2641 1319 2707 Iove,
1336 2651 1366 2696 ut

134 2725 214 2785 velut
233 2749 337 2818 manag
348 2730 403 2788 sibi
413 2731 493 2790 diret
512 2751 642 2802 vaccam,
660 2731 728 2810 qnia
746 2729 900 2810 speciosior
913 2741 974 2787 erat
985 2727 1104 2788 certeris
1122 2727 1259 2788 sementis
1269 2770 1279 2797 ,
1296 2747 1366 2807 qnae

134 2819 165 2875 io
184 2818 382 2898 Peloponneso
401 2836 505 2882 essent.
524 2823 633 2903 Iupiter
657 2843 724 2882 vero
743 2843 781 2881 ne
799 2822 823 2881 si
840 2834 987 2902 negasset,
1007 2819 1139 2899 proderet
1159 2820 1301 2900 puellam,
1319 2821 1365 2879 tri·

134 2910 198 2969 buit
216 2913 374 2972 confestim.
386 2917 458 2974 Iuno
479 2928 575 2974 entem
593 2935 630 2973 ne
649 2915 769 2993 emplius
787 2919 849 2993 ejus
868 2913 962 2993 pellex
981 2933 1046 2972 cum
1059 2915 1127 2972 love
1147 2915 1365 2982 concumberet,

135 3001 244 3080 Argum
271 3004 413 3063 Arestoris
443 3003 534 3064 lilium
564 3019 681 3064 centnm
708 3004 806 3064 oculos
835 3003 990 3063 habentem
1020 3003 1048 3061 ei
1078 3001 1251 3087 praeposuit.
1277 3005 1368 3078 Quem

135 3094 291 3154 Mercurius
310 3097 397 3175 patris
414 3101 494 3174 jussu
518 3096 677 3167 interemit,
695 3111 724 3155 et
743 3119 759 3154 n
779 3117 847 3157 cseu
867 3099 928 3174 ejus
946 3095 1142 3176 Argipbontes
1159 3110 1205 3181 ¹est
1223 3095 1364 3177 cognomi·

134 3197 228 3242 natus.
247 3188 319 3244 Iuno
339 3189 448 3265 Argum
467 3207 554 3264 quem
585 3187 625 3246 ob
647 3186 804 3246 custodiam
823 3186 871 3245 ille
894 3185 1049 3257 occiderat,
1066 3185 1098 3244 in
1117 3184 1265 3246 volucrem
1284 3205 1367 3266 peto-

135 3292 202 3330 nem
221 3276 448 3347 transformavit,
459 3289 489 3335 et
504 3288 650 3356 receptum
669 3279 699 3335 in
719 3297 799 3336 suem
818 3276 937 3337 tutelam
949 3277 1051 3356 penms
1068 3275 1229 3357 insignibar
1246 3276 1365 3354 <quibes

135 3363 232 3423 sosiae
246 3365 353 3425 lumine
372 3367 528 3442 indiceret)
546 3369 668 3427 ornavit.

196 3463 259 3517 568.
279 3461 328 3516 sss
346 3478 446 3517 nemus
465 3459 622 3517 AEmonise.
640 3459 718 3518 Nam
730 3459 817 3536 justis
839 3462 944 3536 Tempe
956 3469 1001 3516 est
1017 3458 1154 3535 spelunea
1169 3458 1263 3514 Penii
1271 3455 1366 3534 florii,

137 3550 276 3627 Daphnes
292 3554 406 3627 patris,
423 3551 465 3609 ad
483 3571 566 3631 quem
584 3552 794 3610 somniandum
813 3571 908 3610 omnes
929 3555 1012 3609 vicini
1039 3570 1140 3609 amnes
1165 3558 1365 3617 mmet,

134 3655 254 3719 praeter
277 3644 435 3712 Inachum,
455 3648 505 3724 qui
522 3651 660 3705 amissam
675 3645 769 3724 filiam
793 3646 921 3723 lugebat.
941 3643 1319 3705 rationemors
1339 3645 1363 3698 3.

135 3755 160 3793 c.
184 3758 207 3793 ι.
228 3736 274 3792 Pl.
294 3740 320 3809 l.
341 3756 365 3794 c.
386 3743 413 3796 8.
432 3770 470 3784 -
488 3738 646 3797 AEmonise.
668 3735 845 3797 Thessaliae.
864 3741 997 3795 AEaoaia
1020 3739 1096 3794 enias
1128 3736 1283 3795 Thessalia
1299 3733 1365 3792 dici·

135 3839 200 3896 tar,
218 3829 257 3887 ah
275 3833 393 3886 AEaoae
413 3830 511 3888 Chlori
530 3833 649 3908 Pelasgi
657 3831 743 3906 flho,
765 3830 897 3889 Thessali
916 3840 1014 3887 eutem
1033 3839 1128 3906 patre.
1242 3895 1254 3908 ρ

194 3925 259 3995 579·
277 3920 423 4000 Populiier
440 3921 609 4002 Spercheos.
621 3925 749 4000 Populos
766 3924 885 3980 arbores
894 3923 1009 3999 serens.
1027 3922 1185 3997 Spercheos
1195 3932 1295 3981 antem
1304 3919 1362 3998 fis·

136 4018 206 4072 vias
215 4024 258 4071 est
280 4013 462 4084 Thessaliae,
488 4018 537 4092 qui
555 4035 594 4072 ee
612 4017 694 4073 Pelio
718 4026 814 4072 monte
838 4026 920 4072 ortas
950 4018 980 4070 in
1004 4015 1168 4072 Maliacum
1198 4015 1307 4076 lahitsa
1329 4014 1362 4070 si·

135 4125 211 4162 aum.
230 4107 279 4161 Sic
296 4103 406 4171 dictus,
432 4105 511 4182 quael
532 4109 570 4162 sit
596 4107 764 4162 velocissimi
781 4123 882 4162 cursus
908 4126 929 4161 a
949 4095 1114 4193 σπέρχειν,
1125 4103 1285 4180 fistiaam.
1303 4099 1362 4160 sni·

134 4215 213 4272 pene.
233 4196 351 4251 Flavius
372 4194 553 4263 Thessaliae,
570 4217 609 4252 en
628 4197 704 4272 othy
723 4205 819 4252 monte
837 4200 867 4252 in
887 4196 1052 4269 Apicianum
1072 4193 1214 4268 defluens.

193 4288 256 4342 ssa.
275 4284 429 4363 Apidanos.
451 4285 620 4343 Thessaliae
630 4288 757 4360 fluvias,
776 4304 859 4362 quem
878 4287 986 4342 idcirco
1004 4305 1100 4342 senem
1120 4285 1269 4363 appellat,
1288 4277 1359 4361 quot

133 4375 219 4430 tardi
241 4375 397 4432 adoindum
408 4376 501 4451 street.
522 4375 707 4454 Amphrysus.
727 4376 847 4432 Flavius
871 4394 985 4453 quoque
1008 4378 1035 4432 Τ
1033 4375 1180 4432 hessalt'u
1197 4384 1244 4434 esi
1260 4374 1357 4433 lull!⁸

125 4467 234 4538 florens.
254 4469 327 4525 lEas.
347 4468 466 4525 Flavias
484 4471 585 4544 Epiri.

191 4560 252 4613 583.
271 4555 400 4616 Inachus.
420 4558 537 4617 Flavius
555 4557 699 4626 Achaiae,
718 4558 756 4612 ah
775 4557 884 4615 Inacho
901 4576 970 4636 repe
988 4560 1030 4617 sic
1047 4555 1153 4616 dictas.
