3008 5160
156 252 158 257 ’
219 257 300 355 nol
554 268 589 328 1².
617 266 746 330 ovum
771 265 934 327 nisoms

135 391 199 475 At
218 420 298 474 uos
316 391 356 472 si
372 388 510 469 laesae
528 404 757 469 contemtus
775 388 914 499 tangit
932 386 1144 478 alumnae,

140 504 316 616 Gurgite
334 500 524 584 caeruleo
542 517 692 608 septem
704 500 915 607 prohibete
936 497 1129 584 Triones:

139 616 368 727 bideraque
384 612 561 695 incaelo
579 613 714 720 stupri
728 610 915 693 mercede
932 628 1094 720 recepta

139 729 305 829 Pellite.-
324 756 375 807 ne
387 754 494 834 puro
512 725 702 836 tingatur
717 724 762 803 in
778 752 955 834 aequore
967 724 1124 830 pellex.
1263 719 1334 806 530

195 840 263 922 Di
277 839 405 920 moris
421 854 664 918 annuerant.
685 835 832 917 Habili
847 837 1044 918 tS'aturnia
1062 863 1186 917 curru

139 950 383 1066 Ingreditur
397 948 603 1062 liquidum
615 951 846 1057 pavonibus
863 964 963 1033 ae'ra
976 949 1126 1055 pictis:

142 1064 186 1165 ,Τ
179 1094 248 1159 am
266 1094 398 1174 nuper
406 1063 538 1173 pictis
556 1089 681 1146 caeso
693 1065 924 1171 pavonibus
942 1061 1080 1173 Argo;

1113 2697 1148 2705 -φ

193 2798 257 2862 528,
276 2792 403 2871 Gurgite.
433 2791 482 2850 At
494 2792 635 2869 fabulam
666 2790 793 2850 traducit
818 2811 937 2854 causam
962 2794 1145 2859 naturalem,
1162 2795 1240 2871 quod
1261 2797 1356 2857 sidera

135 2888 203 2965 polo
221 2885 302 2940 nobis
319 2884 433 2939 elevato
451 2885 545 2940 vicina
562 2902 619 2941 non
638 2883 758 2940 subeant
771 2884 942 2940 horizontem
962 2886 1011 2959 qui
1030 2885 1125 2956 poi-'tis
1137 2894 1166 2939 et
1180 2884 1268 2959 vulgo
1279 2904 1356 2939 mare.

139 2966 259 3053 Septem
277 2972 391 3030 triones.
411 2974 559 3048 Maiorem
580 2991 678 3044 ursam
697 2991 760 3029 curn
785 2974 1017 3051 Arctophylaee,
1037 2974 1080 3028 vel
1103 2976 1201 3048 potius
1230 2991 1293 3029 ouen
1316 2976 1360 3027 mi·

135 3085 204 3129 nore
224 3081 302 3120 ursa.

191 3160 254 3213 Fir.
274 3156 339 3211 vn.
360 3155 475 3232 Argum.
496 3152 541 3210 Di‘
567 3157 657 3209 maris
674 3164 849 3222 annuerant.
866 3156 976 3221 Coruin
998 3155 1120 3221 volucris
1140 3155 1221 3211 initio
1242 3153 1362 3212 candidis

137 3245 239 3326 pensus
258 3243 399 3323 plantatus
418 3244 486 3309 fuit,
505 3243 554 3299 sed
573 3243 639 3318 quie
659 3241 828 3300 Coronidem
849 3244 970 3301 Coronei
989 3245 1074 3301 filiam
1096 3244 1268 3301 indicaverat
1280 3242 1362 3321 Apol·

137 3332 188 3397 tini
206 3339 236 3395 in
256 3335 395 3393 adulterio
415 3335 532 3402 morari,
544 3333 646 3409 illeque
666 3348 781 3413 propter
806 3336 1015 3394 acerbissimum
1048 3336 1201 3403 indicium,
1224 3334 1363 3412 flagrantis

134 3430 189 3489 Dei
209 3426 317 3506 sagittis
335 3423 446 3483 confixa
465 3424 535 3493 sitit,
551 3445 586 3481 ex
606 3443 640 3480 eo
661 3423 708 3485 ille
728 3426 807 3503 niger
826 3445 862 3484 ex
888 3427 1008 3485 candido
1035 3429 1135 3485 lactus.
1160 3429 1203 3483 Ex
1227 3424 1364 3484 Coronide

135 3539 229 3582 autem
249 3534 279 3579 et
298 3517 429 3597 Apolline
449 3517 574 3587 nescitur
599 3515 788 3595 AEeculepius‚
809 3540 895 3597 quem
921 3531 1000 3598 peter
1024 3522 1120 3577 exciso
1144 3532 1228 3577 utero
1256 3517 1364 3581 menis,

136 3638 201 3676 cum
221 3635 253 3672 en
272 3634 341 3690 rogo
361 3624 434 3669 esset
453 3609 736 3689 imposite,abstulit.
755 3611 832 3669 Ised
844 3613 999 3672 Chironem
1019 3625 1187 3670 centaurum
1205 3632 1223 3668 n
1242 3624 1318 3685 petre
1337 3607 1368 3665 in

134 3709 243 3770 Pelium
261 3705 371 3763 deletus
390 3716 434 3761 est
452 3717 592 3773 montem,
608 3715 638 3759 nt
658 3702 695 3760 ab
716 3721 750 3758 eo
769 3703 979 3769 incrementum
998 3703 1138 3780 simulque
1159 3703 1310 3762 scientium
1323 3723 1366 3761 ac·

136 3801 245 3876 ciperet
265 3793 405 3850 medendi.

195 3892 258 3945 531.
277 3885 315 3942 Di
335 3885 418 3941 maris
437 3899 602 3943 annuerent.
623 3890 755 3943 Oceanus
773 3895 802 3941 et
836 3888 947 3963 Tbetys
966 3898 1037 3944 ntitu
1067 3889 1260 3959 promiserant
1269 3884 1300 3947 se
1310 3907 1368 3964 pro

135 3985 277 4041 bibituros
295 3997 331 4033 ne
348 3981 575 4051 Septentriones
594 3983 624 4035 in
643 3997 724 4034 mare
743 3976 927 4036 descendant.

194 4079 257 4131 532.
276 4070 440 4128 Paeonibus
461 4070 553 4146 pictis.
586 4073 714 4145 Quorum
746 4068 859 4127 caudas
887 4075 1004 4149 gemmis
1028 4072 1209 4137 stellantibus
1235 4094 1274 4129 en
1301 4078 1369 4150 Argi

135 4167 226 4225 oculis
244 4168 366 4220 ornarat
384 4162 460 4215 luno
479 4161 498 4214 l.
523 4183 546 4216 ι.
566 4181 593 4217 o.
616 4165 679 4231 723.
700 4161 777 4230 Picti
806 4180 873 4217 vero
890 4180 1016 4237 pavones
1035 4164 1148 4234 proprie
1173 4162 1296 4218 trabunt
1309 4185 1368 4221 cur·

136 4278 199 4317 rum
218 4255 358 4328 teotonis.¹
367 4261 485 4326 propter
504 4255 686 4332 variegatam
707 4260 737 4307 et
755 4254 962 4312 multicolorem
984 4255 1061 4308 aeris
1081 4263 1237 4309 naturam·
1252 4276 1312 4338 qua
1333 4259 1368 4312 tle

140 4364 229 4406 causa
249 4354 277 4399 et
298 4345 353 4399 tris
372 4341 463 4398 eidem
483 4344 587 4399 nuncia
607 4351 635 4398 et
655 4344 786 4399 ministra
807 4353 858 4416 asl.
