3008 5160
316 274 397 362 316
647 300 684 358 Ρ.
712 302 837 359 ovum
863 301 1029 364 utsosss

235 421 297 506 Et
310 418 487 532 pedibus
506 417 716 513 Pterelas,
735 436 774 498 et
792 421 962 503 naribus
981 421 1095 502 utilis
1111 418 1253 534 Agre,

234 534 505 644 Hylaeusque
513 530 611 640 fero
629 559 762 641 nuper
772 560 996 641 percussus
1013 536 1065 615 ab
1083 562 1203 644 apro,

234 647 383 756 Deque
401 645 498 754 lupo
516 659 717 772 concepta
735 644 873 753 Nape,
887 646 1149 757 pecudesque
1165 662 1311 728 secuta

234 757 453 840 Poemenis
472 819 482 848 ,
500 771 539 836 et
558 772 670 838 nates
688 759 885 838 comitata
904 759 1102 870 Harpyjo
1119 756 1300 851 duobus,
1368 751 1445 839 215

234 868 298 953 Et
316 871 540 951 substricta
556 897 706 982 gerens
725 870 936 952 Sicionius
954 873 1032 953 ilia
1051 871 1222 956 Ladon·

236 979 298 1065 Et
318 980 521 1072 Dromas,
538 997 578 1061 et
601 979 779 1075 Canace,
798 981 1022 1094 Sticteque,
1035 999 1075 1064 et
1094 982 1254 1113 Tigris,
1271 998 1312 1062 et
1330 980 1445 1074 Alce,

242 1090 306 1176 Et
323 1094 452 1174 niueis
471 1092 663 1190 Leucon,
682 1110 721 1174 et
740 1093 850 1176 uillis
869 1096 1056 1178 Asbolus
1072 1112 1198 1185 atres,

240 1204 598 1317 Praevalidusque
617 1205 785 1296 lacon,
803 1222 843 1285 et
852 1236 985 1290 cursu
993 1208 1125 1317 fortis
1142 1205 1290 1298 Aello,

237 1317 300 1403 Et
321 1315 481 1416 Thous,
501 1334 541 1398 et
563 1315 599 1401 C
623 1320 718 1428 prio
737 1317 859 1399 uelox
877 1321 1119 1430 cumfratre
1135 1319 1347 1429 Lycisce:
1375 1342 1448 1400 220

240 1429 303 1514 Et
320 1430 486 1541 nigram
505 1346 642 1511 medio
651 1430 836 1540 frontem
854 1428 1079 1515 distinctus
1098 1433 1150 1512 ab
1170 1430 1271 1511 albo

242 1542 454 1649 Harpalos
471 1558 510 1623 et
530 1541 770 1634 Melaneus,
790 1541 1028 1655 hirsutaque
1046 1571 1219 1654 corpore
1237 1541 1428 1626 Laeta·

241 1653 303 1739 Et
316 1671 436 1763 patre
455 1654 656 1747 Dictaeo,
675 1653 752 1737 sed
766 1670 897 1737 matre
915 1655 1132 1739 Laconide
1153 1657 1267 1747 noti,

242 1767 418 1860 Labros,
436 1783 475 1848 et
494 1764 733 1878 Agriodus,
751 1784 791 1847 et
810 1784 960 1849 acutae
978 1769 1091 1852 uocis
1109 1767 1344 1876 Hylactor:

246 1880 441 1991 Quosque
459 1879 610 1989 referre
622 1907 737 1961 mora
750 1895 825 1961 est.
844 1878 917 1962 Ea
929 1882 1048 1962 turia
1060 1877 1261 1988 cupidine
1273 1874 1451 1988 praedae

244 1993 329 2077 Per
344 2019 478 2102 rupes,
491 1990 784 2102 scopulosque,
802 1990 1001 2102 adituque
1018 1993 1209 2076 carentia
1226 2020 1358 2086 saxa,
1378 1982 1450 2073 226

295 2293 358 2331 212.
376 2275 413 2330 Rs
431 2266 551 2347 pedibus
568 2266 700 2326 Pterelas.
720 2269 825 2326 Alutus
844 2271 902 2326 siue
920 2271 979 2327 atis
997 2271 1143 2345 impulsus.
1165 2271 1254 2351 Agre.
1283 2274 1410 2331 renato
1426 2274 1461 2326 ie·

240 2373 417 2439 terpretatur
440 2349 531 2450 ἄγρα.

297 2457 361 2508 213.
383 2448 574 2527 Hylaeusque.
596 2447 722 2508 Videtur
741 2446 874 2504 allusisse
892 2445 934 2504 at
952 2448 1117 2521 Hylaeum,
1140 2448 1226 2505 illum
1239 2453 1290 2526 qui
1307 2467 1371 2505 oum
1382 2451 1465 2505 Aaoeo

250 2543 289 2599 alr
315 2561 388 2617 apro
416 2541 576 2617 Calydonio
595 2549 638 2595 est
657 2533 824 2612 aderiscius
848 2546 920 2594 teste
943 2537 1128 2612 Apollodoro.
1151 2537 1297 2614 Hylaeus.
1316 2540 1465 2615 Sylmstris.

300 2631 469 2708 ast.1lupe.
492 2628 576 2704 Quod
594 2626 764 2684 insultibus
783 2636 957 2682 uersaretur.

304 2723 366 2775 215.
385 2720 540 2777 Poemenis.
562 2717 733 2774 Pastoralis.
766 2717 902 2796 Harpyis.
931 2721 1058 2792 Rapax,
1080 2725 1109 2771 et
1139 2719 1344 2794 Harpyiarum
1363 2717 1466 2781 umilis,

244 2831 321 2889 quae
339 2821 405 2867 sunt
425 2813 640 2886 rapacissimae.

305 2912 368 2960 216.
389 2904 495 2960 Ladon.
528 2905 556 2963 A
581 2902 667 2960 tuoto
691 2900 838 2958 Arcadiae
859 2917 960 2956 nomen
983 2904 1103 2976 sumpsit
1122 2899 1170 2956 lic
1194 2908 1300 2972 cassis3
1323 2905 1370 2961 uei
1396 2903 1467 2958 estas

248 3023 264 3059 a
295 2987 425 3074 λάζομαι
446 3038 456 3062 ,
478 2993 556 3070 quod
574 2993 658 3066 capio
677 2989 834 3064 significat.

307 3122 371 3172 ²¹7·
393 3103 427 3156 Et
442 3102 568 3155 Dromas.
590 3099 723 3151 Correus.
747 3096 867 3150 Canace.
884 3081 1018 3169 Καναχὴ
1041 3094 1193 3165 strepitum
1225 3097 1388 3171 significat,
1412 3095 1469 3150 uude

251 3209 353 3248 nomen
377 3192 442 3244 carri
455 3186 520 3260 suit
544 3183 679 3250 inditum,
692 3182 769 3260 quod
793 3184 856 3258 ejus
881 3181 992 3237 latratu
1012 3186 1107 3237 omnia
1126 3197 1311 3242 resonarent.
1331 3185 1466 3260 Sticteque·

253 3286 334 3339 llaec
354 3301 372 3333 a
392 3277 517 3332 colorum
536 3276 680 3332 uarietate
699 3291 798 3327 nomen
819 3274 946 3346 sumpsit.

183 3352 187 3359 .
313 3378 376 3427 218.
396 3372 519 3424 Leocon.
539 3367 630 3423 Albus
648 3385 667 3418 a
688 3364 791 3420 colore.
813 3367 848 3419 Et
867 3361 938 3418 villis
959 3363 1079 3421 Asbolus
1098 3362 1177 3419 auis.
1198 3368 1264 3422 Hoc
1282 3378 1341 3435 est,
1360 3367 1424 3442 pilis
1442 3366 1470 3418 ni-

258 3467 328 3543 gris.
350 3459 469 3516 Asbolus
483 3467 579 3512 autem
598 3477 617 3510 a
639 3455 733 3510 colore
744 3465 787 3510 est
798 3455 911 3518 dictus,
929 3442 1062 3520 istriae
1073 3455 1148 3505 enim
1152 3453 1319 3532 fuliginem
1332 3456 1471 3533 significet,

259 3576 294 3614 ρο
314 3551 390 3628 quod
409 3552 497 3623 nigris
516 3547 592 3602 uillis
610 3564 646 3601 ac
654 3544 826 3620 fuliginosis
843 3553 924 3599 esset.

321 3644 506 3714 219.Lac0n.
529 3642 556 3696 A
585 3640 703 3714 patria,
728 3639 806 3714 quod
824 3637 991 3693 Laconicus.
1017 3634 1106 3694 Aello.
1126 3638 1156 3692 A
1175 3637 1415 3717 procella,quod
1436 3639 1472 3692 ie·

262 3745 397 3812 petuosus

322 3841 384 3876 ouo.
405 3819 510 3875 Thous.
531 3822 561 3876 V
560 3819 626 3875 eloa
644 3821 751 3876 dicitur
767 3830 796 3874 et
814 3824 995 3893 impetuosus.
1016 3816 1140 3892 Lycisce.
1165 3820 1263 3876 Canis
1281 3841 1321 3876 et
1338 3822 1404 3896 lupo
1418 3831 1473 3874 nate

263 3914 382 3992 Lycisco
403 3913 500 3967 dicitur
517 3952 525 3977 ,
548 3914 630 3987 quusi
650 3932 739 3982 parva
759 3913 840 3986 lupa.

325 4025 389 4061 esu.
407 4003 556 4079 Harpalos.
576 4009 688 4078 Rapax.
708 4004 859 4062 Melaneus
889 4002 988 4078 Niger.
1011 4001 1186 4075 Hirsutoque
1220 4023 1344 4082 corpore
1373 4002 1473 4063 hehet.

267 4094 393 4158 Verbum
412 4095 449 4148 de
468 4095 550 4148 uerbo
569 4099 715 4169 expressit.
735 4095 849 4154 Lachne
869 4097 941 4148 enim
963 4094 1089 4148 villorum
1110 4089 1249 4149 densitas
1269 4105 1397 4153 uocatur.

326 4191 389 4241 223.
415 4185 540 4241 Dictaeo.
565 4190 699 4243 Cretensi

325 4281 389 4346 sut..
409 4275 523 4330 Labros.
544 4277 605 4328 Hoc
624 4295 733 4352 quaque
751 4295 851 4333 nomen
871 4277 938 4331 cani
968 4275 1132 4333 cortueaieas
1151 4280 1221 4342 est,
1241 4277 1396 4336 veliem
1420 4272 1473 4334 ao

266 4372 496 4447 irupetuosusque
517 4367 700 4443 transfertur.
