3008 5160
219 270 276 382 54
551 292 920 358 movmumsotos

134 414 280 533 'Atque
296 417 379 505 ita:
395 415 437 498 si
445 416 659 527 precibus,
678 414 900 509 damarum,
918 415 1093 499 numina
1101 413 1238 530 justis

140 534 269 622 Victa
285 529 599 628 remotarum,-
616 532 659 611 si
657 527 857 643 flectitur
871 530 937 610 ira
955 526 1143 622 deorum

137 645 247 740 Dia,
267 643 431 736 Themi,
450 642 536 753 qua⁴
548 642 716 753 generis
731 638 931 723 dammam
947 642 1177 753 reparabile
1196 640 1334 725 nostri

137 759 245 841 Arte
262 758 337 855 sit;
355 772 395 838 et
412 754 556 837 mersis
563 753 639 864 fer
653 781 795 865 opem,
815 755 1057 850 mitissima,
1075 757 1208 838 rebus.
1264 753 1345 840 380

138 869 265 955 Mota
283 869 380 951 Dea
397 884 483 964 est;
501 883 732 980 sortemque
747 864 887 955 dedit.-
905 864 1111 952 discedite
1129 867 1301 978 templo,

139 980 203 1068 Et
220 983 358 1065 oelate
375 996 522 1092 caput,
540 982 785 1093 cinctasque
801 981 988 1063 resolvite
1006 998 1154 1075 vestes,

142 1095 331 1210 Ossaque
343 1111 440 1206 post
457 1110 617 1207 tergum
634 1120 815 1207 magnae
821 1091 988 1206 jactate
999 1095 1197 1204 peremis.

142 1209 370 1320 Ostupuere
388 1205 484 1294 diu:
501 1209 692 1320 rupitque
709 1207 878 1290 silentt'a
895 1235 1003 1291 voae

138 1321 309 1433 Pyrrha
320 1321 457 1431 prior,
464 1316 682 1433 jussisque
698 1318 820 1402 Deae
830 1323 977 1431 parm
994 1337 1181 1408 recusat:
1268 1315 1347 1407 385

141 1434 308 1546 Detque
324 1433 407 1514 sihi
421 1432 594 1527 veniam,
606 1429 764 1544 pavido
779 1449 903 1546 rogat
919 1460 999 1534 ore,
1012 1449 1214 1547 paretque

141 1544 329 1630 Laetare
336 1542 519 1659 jactatis
536 1562 747 1628 maternas
763 1544 926 1629 ossibus
943 1549 1122 1631 anthias.

142 1660 306 1742 Interea
322 1674 508 1769 repetunt
524 1659 666 1743 caecis
683 1660 859 1743 obscura
876 1658 1047 1743 latebris

148 1771 284 1859 Verba
303 1769 430 1851 datae
447 1771 572 1855 sortis
588 1801 744 1866 secum,
762 1773 872 1855 inter
884 1800 1009 1884 seque
1026 1770 1224 1857 volutant.

143 1881 250 1967 Inde
266 1881 552 1966 Promethides
564 1883 752 1994 placidis
769 1882 1041 1997 Epimethida
1058 1883 1188 1968 dictis
1268 1881 1347 1998 390

145 1994 337 2095 Mulcet;
355 2011 415 2091 et,
432 2012 507 2077 aut
514 1996 688 2107 fallas,
706 1999 794 2092 ait,
811 2014 873 2081 est
888 1999 1060 2081 solertia
1077 2000 1217 2097 nobis,·

145 2108 239 2190 Aut
250 2110 326 2218 pia
344 2126 466 2203 suut,
484 2108 726 2224 nullumque
740 2111 861 2222 nefas
879 2111 1054 2195 oracula
1070 2109 1261 2220 suadent.

145 2219 317 2334 Magna
329 2249 484 2333 parens
502 2237 613 2305 terra
630 2242 707 2312 est.-
724 2221 887 2336 lapides
903 2224 949 2306 in
967 2252 1137 2336 corpore
1155 2239 1290 2308 terme

149 2331 262 2416 Ossa
278 2364 372 2419 reor
385 2332 478 2418 clici
484 2377 497 2423 .·
504 2334 652 2448 jacere
668 2338 744 2421 hos
756 2354 855 2447 post
871 2353 990 2451 terga
997 2336 1204 2452 jubemur.

219 3034 283 3089 381.
302 3031 468 3110 Sortemque
487 3031 574 3090 dedit.
593 3036 767 3109 Responsum
785 3033 908 3100 maeuii,
928 3040 960 3089 ut
979 3029 1066 3089 moda
1083 3053 1108 3089 a.
1128 3033 1196 3090 368.
1214 3024 1363 3087 oboedite.

142 3122 209 3176 Ritu
233 3141 317 3178 sacro
344 3134 431 3200 atque
454 3143 493 3180 ea
519 3143 597 3180 mare
622 3122 1097 3202 augarum.'1'empio.'i'emp1nm
1121 3123 1197 3181 enim
1220 3130 1266 3179 est
1289 3119 1365 3177 locus

142 3214 264 3289 auguris
283 3233 370 3269 manu
389 3214 435 3270 oei
453 3213 525 3270 lituo
543 3214 723 3292 designatus.

224 3309 287 3363 382.
306 3306 407 3364 Velate
426 3321 519 3387 caput.
539 3307 635 3366 Veluti
655 3308 756 3387 capite.
776 3313 853 3366 Deos
871 3306 1037 3364 adorabant
1055 3305 1175 3363 humiles
1191 3322 1224 3362 se
1247 3311 1278 3360 et
1301 3298 1368 3359 inti·

143 3413 216 3470 gnos
235 3395 374 3472 confessi,
396 3409 451 3456 aut
476 3403 568 3469 veriti,
589 3400 713 3478 nequid
737 3401 808 3456 maii
826 3402 927 3456 ominis
950 3414 1037 3454 saara
1061 3394 1277 3452 intertwhmt.
1301 3391 1367 3448 Plu·

145 3487 236 3541 sarah.
256 3491 334 3543 Rom.
354 3499 465 3566 quaest.
487 3509 521 3547 ιο
540 3502 568 3547 et
587 3492 715 3548 Helenus
735 3495 763 3549 3.
783 3491 894 3548 AEneid.
913 3491 1061 3568 Purpureo
1080 3486 1176 3547 velare
1195 3504 1291 3543 comas
1308 3481 1369 3539 ndo«

145 3591 242 3655 pertus
262 3580 382 3652 amicto3
401 3602 437 3640 ue
456 3603 512 3659 que
530 3583 605 3642 iuter
631 3596 728 3643 santos
746 3584 826 3662 ignes
844 3581 874 3640 in
893 3582 1000 3641 honore
1018 3579 1136 3638 deorum
1159 3577 1270 3637 hastilis
1287 3576 1369 3635 iacies

145 3682 276 3727 occurrat
295 3684 326 3728 et
345 3674 438 3729 omnia
458 3673 563 3731 turbet.

224 3767 290 3836 387.
309 3765 437 3823 Umbras.
456 3769 589 3838 Animas,
608 3784 683 3846 quas
701 3763 782 3823 laedi
799 3765 933 3824 credebat
951 3766 1127 3843 antiquitas,
1145 3762 1234 3819 illata
1251 3757 1368 3817 catam

146 3852 224 3909 riims
243 3862 296 3908 aut
316 3856 432 3912 tumulis
451 3858 568 3932 injuria.

224 3950 286 4019 39⁰·
306 3948 509 4007 Promethides.
529 3950 688 4008 Deucalion
708 3949 870 4006 Promethei
885 3950 980 4026 silius.
1004 3944 1192 4027 Epimethida.
1217 3943 1368 4022 sytriam

151 4041 308 4113 Epimethei
317 4041 426 4117 filiam.

224 4134 288 4201 393.
299 4133 399 4209 Magna
412 4152 522 4209 parens.
535 4136 701 4212 Respexisse
711 4132 967 4208 ingeniosissimum
972 4128 1365 4209 potsamoptnamrttaesas

152 4239 195 4274 ιο.
207 4220 255 4275 lib.
270 4239 329 4276 var.
342 4223 405 4278 lect.
420 4243 446 4279 a.
457 4241 521 4298 cap.
540 4221 580 4277 ad
598 4224 746 4280 historiam
764 4227 842 4279 Rom.
856 4225 916 4278 Liv.
932 4245 942 4278 1
965 4223 1013 4278 lib.
1033 4240 1097 4278 aum
1115 4222 1203 4296 regiis
1214 4217 1366 4274 odotem

149 4311 223 4366 tibus
235 4329 402 4387 responsum
421 4322 510 4381 esset,
529 4333 593 4369 eum
611 4323 800 4390 regnaturum
812 4317 934 4381 Romae,
953 4314 1003 4389 qui
1021 4314 1129 4387 primus
1147 4311 1235 4365 matri
1246 4303 1364 4364 asculan

20 4439 22 4443 -
150 4401 276 4459 tulisset:
296 4405 403 4460 Brutus
422 4402 439 4458 i
459 4405 527 4460 nari
544 4400 697 4463 descendm
722 4402 858 4460 simulata
875 4418 946 4460 casa
965 4411 1073 4461 terram
1091 4399 1238 4460 oscalatus
1255 4403 1312 4465 est,
1328 4406 1363 4451 at·
