3008 5160
323 249 375 364 96
660 271 1024 333 nonsummum

244 387 306 471 Et
324 390 517 500 quamuis
534 415 658 498 sopor
672 405 735 470 est
752 389 965 470 oculorum
977 405 1098 496 parte
1115 405 1323 497 receptus,

245 501 374 583 Parte
392 517 528 582 tamen
546 501 709 616 vigilat:
729 503 889 612 quaerit
907 528 1068 611 quoque
1086 499 1286 615 (namque
1304 518 1471 609 reperta

247 611 415 696 Fistula
434 644 564 724 nuper
578 608 692 724 erat)
711 643 794 725 qua
812 615 868 694 sit
885 615 1044 695 ratione
1062 610 1234 723 reqierta.

305 727 410 806 Tum
429 726 565 819 Deus,
585 724 804 808 Arcadiae
819 725 975 837 gelidis
993 727 1038 805 in
1056 728 1287 818 montibus,
1305 726 1467 838 inquit,

245 839 361 922 Inter
375 837 708 950 Hamadryadas
726 838 986 918 celeberrima
1003 838 1273 920 Nonacrinas
1388 835 1470 950 690

248 949 388 1035 Naias
407 980 491 1032 una
499 952 601 1060 suit.
620 950 841 1060 Nymphae
858 951 1046 1062 Syringa
1064 953 1286 1033 vocabant.

249 1061 350 1147 Non
367 1064 495 1145 semel
507 1081 546 1144 et
564 1065 741 1173 Satyros
759 1062 936 1143 eluserat
955 1063 1030 1143 illa
1049 1081 1277 1173 sequentes,

250 1173 313 1257 Et
331 1204 526 1285 quoscum
556 1207 606 1257 ue
634 1175 751 1257 Deos
768 1176 1037 1286 umbrosaque
1054 1168 1396 1287 siloa,feraa'que

250 1287 337 1370 Rus
355 1285 499 1374 habet.-
519 1204 744 1399 (irtygiam
762 1287 933 1380 studiis,
951 1289 1123 1397 ipsaque
1141 1289 1301 1370 colebat

256 1398 300 1485 V
297 1396 510 1588 irqinitate
528 1399 686 1485 Deam:
703 1399 786 1479 ritu
805 1427 964 1510 quoque
983 1400 1097 1482 cinta
1116 1400 1305 1496 Dianae,
1384 1393 1466 1509 695

253 1507 320 1592 Fa
352 1527 461 1604 eret,
479 1528 519 1591 et
537 1510 655 1594 credi
664 1528 805 1620 posset
822 1510 1025 1603 Latonia,
1043 1514 1085 1592 si
1099 1539 1183 1594 uon

258 1619 440 1705 Comeus
457 1623 554 1706 qu'c
571 1651 712 1716 arcus,
730 1625 772 1705 si
786 1652 870 1706 non
877 1626 993 1731 foret
1009 1652 1158 1706 aureus
1176 1624 1252 1705 illi.

254 1733 328 1816 Sic
345 1762 425 1844 quo
454 1765 503 1816 ue
511 1735 703 1843 fallebat.
721 1734 969 1818 Redeuntem
988 1736 1094 1818 colle
1110 1737 1255 1845 Lyceo

254 1845 350 1928 Pan
366 1847 417 1928 ai
467 1847 630 1934 thane.-
642 1849 826 1961 pinuque
845 1865 971 1958 caput
983 1849 1252 1957 praecinctus
1272 1853 1402 1932 acutri
1480 1904 1484 1910 -

307 2797 369 2852 Fu.
390 2797 454 2853 xit.
477 2797 548 2852 Tum
580 2800 658 2852 Deus
688 2793 853 2862 Arcadiae,
883 2812 924 2850 ec.
956 2793 1076 2851 Causam
1100 2791 1147 2850 hic
1173 2793 1258 2850 refert
1288 2793 1480 2870 inquisitionis

254 2888 321 2962 Argi
341 2887 375 2942 de
397 2884 504 2952 fistula,
522 2899 551 2942 et
569 2899 628 2942 tam
648 2887 786 2943 concinne
806 2875 1060 2941 tabulam‘sahutae
1080 2883 1223 2941 connectit
1243 2890 1343 2961 poeto,
1363 2898 1396 2941 ut
1416 2906 1480 2941 cum

254 2978 357 3035 multas
375 2979 456 3034 simul
474 2977 615 3034 describat
639 2976 906 3054 transfigurationes,
926 2974 1041 3033 minime
1061 2989 1156 3033 tamen
1185 2996 1201 3030 a
1226 2977 1371 3054 proposito
1395 2977 1482 3034 disce-

254 3069 312 3126 dat.
333 3072 454 3148 Exponit
473 3070 549 3127 enim
568 3068 807 3144 quemadmodum
827 3069 933 3144 Syrinx
950 3067 1081 3146 Nympha
1100 3067 1224 3125 Ladonis
1248 3069 1328 3126 fluvii
1349 3068 1425 3136 filis,
1443 3089 1482 3124 sr-

255 3161 383 3218 donterc
397 3163 472 3218 Pane
487 3163 547 3217 Deo
566 3173 673 3228 amato,
694 3172 723 3216 et
743 3181 778 3216 ne
798 3160 988 3239 virginitatem
1000 3161 1157 3227 amitteret,
1175 3160 1205 3215 in
1223 3159 1396 3217 arundinem
1410 3159 1482 3238 apud

256 3254 401 3310 Ladonem
421 3253 538 3310 fluvium
558 3253 644 3309 suerit
657 3264 842 3320 commutato,
864 3272 899 3309 ex
918 3273 974 3328 qus
993 3251 1054 3308 Pan
1074 3250 1110 3308 od
1129 3250 1299 3328 mitigandos
1318 3252 1424 3310 amoris
1442 3273 1480 3308 nr·

254 3344 337 3400 dores
350 3343 403 3401 sibi
421 3342 542 3399 fistulam
554 3341 761 3420 composuerit.-
773 3340 848 3399 unde
861 3341 938 3420 Virg.
958 3342 1018 3399 Pan
1037 3341 1143 3418 primus
1156 3338 1278 3398 calamos
1289 3360 1355 3398 cern
1368 3342 1478 3398 coniun-

256 3453 322 3511 gere
343 3433 436 3511 plures
454 3431 586 3489 Instituit.

314 3528 378 3594 69ο.
398 3521 619 3598 Hamadryadas.
642 3519 792 3596 Nymphas
811 3521 946 3578 arborum
969 3540 1127 3599 quaecum
1151 3521 1301 3577 arboribus
1325 3527 1476 3576 nascuntur

257 3631 315 3667 una
334 3623 363 3668 et
381 3615 538 3668 intereunt:
558 3631 596 3668 er
614 3599 681 3691 ἅμα
696 3614 725 3660 el
737 3601 818 3698 δρῦς.
837 3612 1018 3668 Nonacrinas.
1044 3610 1212 3668 Arcadicos.
1231 3611 1373 3668 Nonacris
1398 3624 1471 3665 mons

256 3711 300 3757 est
317 3701 464 3758 Arcadiae
482 3721 545 3758 cum
564 3705 633 3761 urbe
651 3708 825 3780 cognomine.

312 3796 377 3862 693.
396 3794 431 3848 Et
450 3811 633 3869 quoscunque
645 3794 729 3851 deos.
743 3795 885 3871 Syiuanos
897 3795 1035 3861 ,Faunos
1054 3809 1091 3847 ae
1109 3775 1232 3859 Parias,
1251 3792 1315 3847 ait:
1334 3787 1387 3845 tos
1403 3803 1471 3842 nan·

256 3901 312 3959 que
328 3885 473 3958 sylvarum
493 3903 529 3939 ac
548 3905 692 3943 nemorum
711 3891 790 3943 Deos
809 3888 971 3961 antiquitas
982 3884 1114 3958 putabat.

313 3978 377 4046 694.
397 3975 554 4052 Ortygiam·
572 3980 721 4044 Dianam,
739 3987 840 4033 natam
853 3994 882 4032 tn
896 3977 969 4032 Deio
989 3978 1041 4030 ins.
1061 3994 1135 4052 quae
1153 3983 1181 4029 et
1204 3974 1339 4049 Ortygia,
1357 3990 1377 4025 a
1394 3966 1466 4040 copia

256 4070 442 4123 coturnicum.

313 4160 375 4224 696.
397 4156 523 4211 Latonia.
544 4160 655 4226 Diana,
675 4161 817 4215 Latoniae
827 4157 908 4233 filia.

312 4246 376 4314 699.
396 4245 462 4300 Pon.
479 4248 631 4301 Pastorum
651 4244 687 4301 ac
706 4268 851 4304 nemorum
873 4253 958 4303 Deus.
974 4244 1102 4321 Pinuque
1124 4256 1217 4322 caput.
1234 4247 1345 4299 Corona
1365 4237 1461 4312 opimo

255 4351 330 4406 quar
348 4337 466 4406 propria
488 4337 585 4391 Panos
604 4336 699 4393 arbor.
