3008 5160
258 194 337 289 292
589 190 624 260 s.
653 192 781 260 ossus
797 192 962 260 ussous

171 316 276 400 Tum
293 345 407 417 uero,
420 335 641 431 postquam
659 319 807 402 solitas
825 318 1005 401 accessit
1023 312 1084 398 ad
1098 312 1183 397 iras

167 429 310 545 Plaga
327 459 490 524 recens,
504 432 643 543 plenis
661 449 892 512 tumuerunt
909 447 1080 543 guttura
1098 428 1238 512 venis:

169 543 401 654 Spumaque
414 545 633 653 pestiferos
652 543 905 658 circumfluit
923 541 1068 623 albida
1086 543 1238 632 rictus,

169 652 379 766 Terraque
396 685 494 737 rasa
513 675 634 738 sonat
652 659 850 768 squamis,-
870 657 1021 766 quique
1039 653 1194 733 balitus
1210 649 1301 734 exii
1321 631 1366 760 75

172 767 256 850 Ore
273 770 396 880 niger
411 769 588 882 Stygio,
606 772 784 851 uitiatas
800 768 941 875 inficit
959 795 1098 848 attms.

165 879 260 988 Ipse
278 878 401 960 modo
419 882 657 962 immensum
676 881 801 991 spiris
810 879 1069 987 facientibus
1088 875 1222 958 orbem

169 988 379 1107 Cingitur:
397 990 602 1073 interdum
621 992 751 1105 longa
769 993 883 1071 trabe
901 992 1053 1072 rectior
1068 989 1172 1070 exit.

164 1104 318 1213 Impete
336 1133 448 1186 nuuc
465 1121 603 1197 uasto,
624 1135 698 1186 ceu
717 1103 907 1185 concitus
925 1103 1119 1183 imbribus
1138 1099 1291 1204 amnis,

164 1213 334 1308 Fertur,
351 1231 392 1295 et
409 1217 616 1298 obstantes
629 1216 844 1326 proturbat
857 1231 1022 1324 pectore
1039 1213 1178 1294 siluas.
1319 1205 1362 1290 80

167 1325 286 1410 Cedit
304 1325 571 1439 Agenorides
582 1327 786 1439 paullum:
805 1326 1016 1436 spolioque
1034 1324 1166 1405 leonis

163 1440 346 1521 Sustinet
365 1431 575 1537 incursus‚·
593 1440 876 1550 instantiaque
894 1466 967 1519 ora
985 1433 1170 1517 retardat

164 1548 345 1661 Cuspide
357 1558 585 1660 praetenta'.
605 1551 728 1634 Furit
745 1551 828 1655 ille,
848 1567 888 1631 et
906 1550 1053 1631 inania
1072 1545 1179 1627 duro

164 1662 351 1750 Vulnera
369 1661 444 1745 dat
451 1667 592 1774 feno,
598 1663 788 1777 figitque
805 1663 850 1743 in
867 1663 1058 1744 acumine
1076 1656 1233 1740 dentes.

160 1776 337 1889 Jamque
354 1778 593 1886 venenifero
612 1777 788 1890 sanguis
805 1804 974 1856 manare
987 1773 1134 1883 palato
1316 1763 1360 1847 85

165 1886 247 1972 Coe
274 1903 380 1986 erat,
399 1906 438 1971 et
455 1888 616 1971 virides
633 1889 852 2001 aspergine
870 1888 1054 1967 tinxerat
1074 1883 1243 1967 herbas-.-

158 2000 212 2083 Se
260 2000 344 2083 leue
361 2002 516 2082 vulnus
534 2018 640 2093 erat,
659 2002 758 2112 quia
777 2030 821 2083 se
838 1999 1068 2080 retrahebat
1085 1995 1139 2075 ab
1159 1994 1272 2091 iatu;

158 2111 376 2222 Laesaque
395 2112 505 2196 colla
523 2111 650 2194 dabat
668 2129 792 2210 retro;
806 2111 1062 2223 plagamque
1079 2101 1223 2190 sedere

162 2220 357 2307 &dendo
373 2226 558 2316 arcebat,
577 2252 654 2306 nec
672 2223 841 2338 longius
859 2225 918 2303 ire
935 2223 1117 2304 sinebat:

155 2332 306 2416 Donec
324 2333 590 2449 Agenon'des
608 2334 838 2448 conjectum
857 2335 903 2414 in
917 2349 1083 2447 gutture
1091 2317 1260 2438 ferrum
1312 2356 1355 2442 qo

162 2444 304 2557 Usque
321 2470 495 2559 sequens
507 2448 685 2556 pressit;
702 2444 801 2529 dum
819 2462 927 2528 retro
944 2469 1120 2556 quercus
1137 2442 1260 2523 eunti

159 2555 331 2640 Obstitit
339 2598 352 2656 ;
369 2575 410 2641 et
414 2558 526 2667 fixa
543 2574 605 2639 est
617 2560 777 2668 pariter
792 2586 888 2643 cum
904 2559 1046 2638 robore
1062 2552 1224 2637 utervis⁸

156 2666 347 2754 Pondere
364 2672 565 2779 serpentis
583 2686 754 2757 curvata
772 2685 833 2753 est
851 2669 988 2760 arbor,
1007 2683 1046 2747 et
1064 2667 1172 2747 imae

199 3722 241 3784 ⁴77.
262 3714 325 3789 lpse
345 3708 441 3768 modo.
461 3706 545 3786 Quod
563 3710 605 3769 ad
623 3716 715 3770 mores
738 3717 857 3781 attinet,
873 3699 935 3791 lege
954 3700 1164 3792 anthologiam
1175 3701 1248 3791 sab.
1270 3714 1357 3784 Cadmi

139 3805 219 3879 apud
239 3807 367 3861 Delrium
386 3808 415 3859 in
434 3809 560 3862 Senecae
572 3806 735 3882 Oedipoden
749 3829 777 3863 v.
792 3816 856 3878 747.
870 3792 974 3881 Quoad
986 3809 1149 3876 historiam,
1171 3812 1359 3887 Palaephatus

137 3899 185 3954 lib.
209 3919 232 3952 ι.
253 3897 340 3970 resen
362 3898 500 3954 Cadmum
519 3897 694 3972 interfecisse
712 3903 849 3955 Dracona
869 3921 963 3976 regem
987 3901 1207 3969 Tbebauoram‚
1225 3898 1360 3970 Martisb·

136 3988 214 4042 lium.
233 3990 376 4042 Draconis
394 3998 492 4049 autem
512 3988 590 4061 filios
609 4006 673 4044 cum
690 3992 789 4045 amicis
809 4000 911 4045 contra
933 3989 1070 4045 Cadmum
1091 3994 1301 4053 insurrexisse:
1318 3990 1356 4065 ‘11¹¹'

136 4089 231 4134 tamen
250 4097 346 4135 onines
364 4081 472 4134 viribus
493 4078 644 4154 inferiores
663 4080 792 4154 superati
810 4078 847 4136 ab
868 4101 901 4137 eo
920 4091 1006 4148 sunt,
1025 4092 1181 4157 postquam
1203 4083 1355 4140 discordiae

133 4171 373 4248 dissensionisque
392 4177 500 4227 semina
519 4174 593 4227 inter
612 4163 678 4227 iilos
697 4175 857 4246 sparsisset.
878 4173 936 4229 Sed
954 4182 983 4228 et
1001 4172 1118 4248 legatur
1141 4177 1250 4233 Claud.
1276 4179 1356 4231 Minos

135 4276 282 4320 comment.
303 4266 344 4319 ad
365 4265 473 4320 Alciati
492 4264 617 4319 emblem.
633 4271 674 4320 ιδ.
