3008 5160
340 108 413 205 ¹40
674 122 707 178 r.
727 108 1036 177 annuamus

254 238 357 319 '’um
371 252 493 347 pater
508 262 581 316 ona
600 237 668 317 sui
684 264 806 316 sacro
824 232 1097 314 medicamine
1115 238 1209 316 nati

253 349 457 463 Contigit,
475 363 514 427 et
532 345 704 456 rapidae
712 347 821 456 fecit
835 347 1040 454 patientia
1044 339 1270 460 flammae,

228 533 232 542 .
247 463 525 573 Imposuitque
543 489 685 543 comae
703 457 866 551 radios,
879 487 1171 572 praesagaque
1189 461 1328 544 luctus

249 575 421 659 Pectore
439 572 620 655 sollicito
638 589 821 684 repetens
840 571 1040 682 suspiria,
1062 570 1201 658 dixit.-
1383 574 1457 660 125

249 689 299 774 Si
308 703 426 797 potes
444 685 508 766 iiis
526 687 672 767 saltem
691 685 858 766 monitis
871 712 1017 792 parere
1029 688 1236 793 paternis,

250 800 406 892 Parce,
419 828 546 910 puer,
567 799 746 881 stimulis
766 813 806 875 et
814 795 973 905 fortius
993 812 1102 877 utere
1121 797 1223 880 loris
1232 842 1244 884 .-

250 912 401 1022 Sponte
418 938 497 992 sua
512 927 750 1023 properant;
769 908 888 990 labor
903 925 964 989 est
982 909 1163 991 inhibere
1180 911 1382 995 volentes.

251 1023 343 1109 Nec
361 1025 437 1105 tibi
452 1021 631 1107 directos
643 1024 813 1136 placeat
831 1021 897 1105 oia
916 1024 1096 1133 quinque
1108 1051 1186 1133 per
1200 1053 1343 1108 arcus.

252 1138 398 1219 Sectus
416 1137 462 1217 in
480 1136 688 1249 obliquum
705 1151 766 1216 est
785 1134 871 1216 lato
890 1135 1127 1218 curvamine
1145 1135 1279 1228 limes,
1383 1136 1453 1221 130

252 1250 536 1360 Zonarumque
554 1251 676 1330 trium
695 1246 1028 1355 contentusfine,
1040 1247 1262 1378 polumque

251 1357 450 1481 Effitgito
467 1362 708 1454 australem,
716 1358 991 1473 junctamque
1008 1360 1271 1468 aquilonibus
1288 1364 1467 1457 Arcton,-

253 1475 348 1556 Hac
353 1472 418 1583 fit
436 1475 516 1555 iter
525 1513 538 1572 ;
557 1472 779 1583 manifesta
798 1489 912 1555 rotae
930 1473 1105 1585 vestigia
1124 1502 1279 1556 centes.

258 1585 394 1697 thue
402 1585 548 1696 ferant
566 1614 719 1700 aequos
737 1602 778 1668 et
795 1586 956 1670 caelum
978 1600 1018 1664 et
1036 1602 1145 1666 terra
1170 1588 1352 1679 calores,

252 1696 345 1782 Nec
358 1727 512 1809 preme,
530 1729 606 1782 nec
624 1724 826 1780 summum
843 1697 986 1780 molire
997 1727 1075 1807 per
1090 1699 1256 1780 aethera
1275 1728 1455 1799 currum:

254 1810 400 1895 Altius
417 1839 608 1924 egressus
625 1811 823 1894 caelestia
842 1826 952 1892 tecta
971 1812 1172 1893 cremabis
1176 1851 1189 1908 ;
1383 1808 1454 1906 136

250 1922 431 2031 Inferius
448 1938 598 2010 terras.-
615 1921 751 2005 medio
770 1924 998 2004 tutissimus
1015 1923 1106 2006 ibis.

253 2034 347 2119 Neu
366 2051 404 2116 te
422 2032 638 2119 dexterior
652 2052 803 2117 tortian
821 2033 1002 2117 declinet
1020 2035 1083 2119 ad
1095 2065 1291 2151 anguem;

252 2146 363 2243 Neve
381 2149 612 2242 sinisterior
621 2177 806 2258 pressam
826 2163 918 2230 rota
936 2144 1067 2232 ducat
1084 2148 1146 2232 ad
1159 2180 1297 2250 ama·

302 3304 361 3355 ¹²9·
383 3285 441 3341 Nae
461 3283 843 3348 sibi.1tuueuuduureeu
865 3312 917 3368 per
945 3297 969 3350 5.
998 3293 1118 3355 circulos
1145 3301 1321 3376 parallelos:
1341 3302 1393 3368 sed
1416 3320 1461 3376 per

240 3371 410 3442 Zadiacurn,
422 3379 471 3450 qui
489 3377 673 3452 AEquatorens
692 3378 804 3456 obliqua
823 3385 999 3444 intersecans
1020 3389 1174 3464 Tropicum
1195 3395 1301 3448 Cancri
1312 3413 1331 3448 a
1343 3392 1460 3451 ecura.

238 3463 367 3520 Articm
386 3485 482 3523 versus
499 3472 618 3546 attingit
623 3494 633 3539 ς
655 3471 807 3544 Tmpicurn
829 3479 997 3551 Capricorni
1016 3502 1036 3537 a
1055 3483 1193 3549 sinistra,
1207 3485 1248 3539 ad
1258 3486 1461 3540 Antarcticuu.

238 3554 338 3609 Arcus.
359 3555 503 3622 Circulos,
516 3561 565 3633 qut¹
583 3569 611 3627 et
630 3561 730 3615 Zonaa
748 3562 889 3622 dicuntur.
912 3569 1031 3625 Caelum
1063 3575 1137 3627 anim
1163 3577 1193 3628 in
1213 3578 1336 3651 quinque
1346 3573 1462 3630 circulos

237 3647 401 3721 aequaliter
430 3668 450 3703 a
468 3668 500 3705 se
524 3652 664 3709 distantes
688 3652 808 3710 divisum
832 3669 888 3714 est:
909 3665 1065 3729 arcticum,
1094 3670 1303 3731 antarcticum,
1331 3671 1463 3741 tropicum

238 3739 348 3803 cancri,
367 3740 516 3815 tropicum*
525 3745 706 3815 capricorni,
720 3751 975 3822 aequinoctialem.-
990 3773 1108 3830 quorum
1128 3758 1346 3832 aequinoctialis
1360 3772 1402 3811 est
1414 3774 1461 3810 me·

237 3824 311 3882 dius.
324 3827 468 3887 Zodiacus
480 3842 577 3889 autern
597 3836 725 3912 obliquus
744 3851 787 3895 est
797 3843 938 3910 circulus,
949 3849 997 3920 qui
1016 3848 1252 3923 aequinoctialem
1268 3860 1366 3914 secat,
1380 3860 1408 3905 et
1426 3845 1463 3903 aci

240 3918 378 3989 tropicum
391 3924 489 3975 cancri
507 3931 536 3975 et
555 3929 752 3997 capricornum
775 3950 863 4008 usque
881 3939 1016 4008 pervenit.

301 4013 361 4065 130.
383 4010 482 4068 Sectus
502 4014 530 4067 in
553 4014 709 4091 obliquum.
731 4025 911 4101 Peripiirasis
930 4038 972 4083 cst
991 4028 1121 4088 Zocliaei.

296 4102 356 4169 ¹³9·
377 4099 472 4157 Aram.
493 4102 579 4157 Sidus
599 4111 751 4175 Australis,
765 4126 899 4170 constans
920 4139 944 4187 7.
966 4119 1070 4184 stellis,
1082 4140 1137 4175 non
1148 4123 1232 4196 longe
1243 4144 1261 4176 a
1277 4124 1372 4177 cauda
1389 4130 1461 4178 Scot-

236 4189 285 4261 pii.
306 4190 396 4243 Latus
415 4203 513 4246 aestans
535 4195 632 4248 niemdi
652 4203 833 4271 Ausonium,
845 4206 1020 4281 depressius:
1034 4211 1167 4277 Borcaie,
1181 4212 1259 4265 nobis
1286 4212 1411 4267 sublime.
