3038 5154
247 302 328 411 348
464 336 467 341 ’
568 326 950 390 1³.0vm111usoms

159 451 254 535 Jam
284 477 334 527 ue
353 462 414 526 ter
428 442 490 527 ad
505 445 652 555 quinos
671 473 796 525 onum
818 443 1034 554 Cephisius
1053 474 1214 527 annum

162 561 208 644 A
280 555 422 656 'iteran-
435 574 675 669 poteratque
688 584 815 666 pner,
824 558 1081 669 juvenisque
1100 557 1246 643 videri.

161 671 297 757 Multi
311 671 427 753 illum
435 670 628 783 juvenes,
647 670 799 751 multoe
817 674 980 781 cupiere
994 671 1178 779 puellae.

161 781 249 868 Sed
254 783 344 891 fuit
360 784 406 865 in
423 787 561 866 tenero⁴
579 801 664 864 tam
682 780 776 865 dim
792 786 982 895 snperbia
991 783 1159 891 formo‘;

159 895 284 981 Nulli
297 895 414 978 illum
420 898 612 1009 juvenes,
632 896 772 978 nullae
789 897 959 1011 tetigire
970 897 1149 1007 puellae.
1291 896 1365 985 355

159 1009 330 1118 Aspicit
345 1010 474 1103 bunc,
492 1007 671 1120 trepidos
688 1011 917 1123 agitantem
935 1010 980 1090 in
997 1011 1102 1090 retia
1115 1037 1293 1106 cervos,

165 1121 214 1209 V
205 1120 336 1205 ocalis
352 1120 563 1233 Nympbe;
582 1151 687 1234 quoe
704 1151 781 1205 nec
798 1123 965 1206 reticere
983 1122 1173 1233 loquenti
1190 1185 1204 1217 ,

162 1233 253 1325 Nec
264 1235 381 1344 prior
395 1235 489 1347 ipsa
506 1235 622 1347 loqui
636 1230 808 1336 didicit,
827 1235 1070 1320 resonabilis
1089 1231 1135 1318 E
1136 1236 1232 1321 ebo.

205 3882 268 3937 352.
288 3879 368 3937 Puer.
383 3879 503 3953 Propter
514 3876 760 3951 pulchritudinem.
771 3877 893 3936 Iuvenis
907 3880 1030 3954 Propter
1043 3882 1281 3956 magnitudinem.
1295 3888 1363 3940 Erat

147 3972 220 4030 enim
238 3987 359 4046 magnus
379 3978 407 4024 et
416 3969 663 4043 formosissimus,
675 3988 749 4044 quae
768 3968 880 4043 quidem
899 3989 968 4026 rara
988 3981 1033 4028 est
1041 3969 1188 4045 felicitas.

204 4066 266 4118 356.
287 4061 397 4140 Aspicit
417 4059 502 4117 hunc.
521 4061 662 4115 Fabulam
683 4063 834 4136 interponit
854 4064 891 4119 de
909 4063 988 4120 Ecbo
1019 4065 1143 4139 nympha
1165 4071 1363 4143 compositam,

146 4155 192 4211 cui
209 4156 329 4228 primum
350 4153 402 4208 boe
421 4155 466 4206 ira
486 4155 607 4208 iunonis
626 4152 730 4218 evenit,
751 4159 781 4205 ut
803 4152 919 4210 ultimas
941 4164 1051 4211 tantnm
1064 4153 1361 4229 devocibusseserret.

143 4245 253 4300 Deinde
270 4264 332 4300 cum
351 4265 372 4299 a
391 4245 553 4308 Narcisso,
573 4245 658 4319 cnjus
676 4261 775 4299 amore
793 4243 937 4313 ardebat,
955 4254 1053 4321 spreta
1071 4257 1167 4314 esset,
1186 4251 1217 4303 in
1242 4245 1359 4321 taptten

143 4335 185 4390 ita
195 4332 261 4408 suit
285 4353 446 4399 conversa,
466 4344 496 4389 nt
519 4353 574 4387 vox
592 4339 653 4392 sine
671 4353 790 4409 corpore
820 4340 989 4395 remanserit
1018 4339 1048 4392 in
1080 4336 1250 4404 montibus,
1269 4336 1358 4393 ntstna

143 4427 286 4485 verborum
305 4428 469 4522 affilitarum
490 4435 629 4500 repetens.
