3008 5160
330 220 408 308 106
579 156 581 160 ι
663 244 699 304 1¹.
727 244 856 305 ovmu
880 242 1044 308 nasone

240 371 336 454 Sole
352 384 469 453 satus
487 362 729 458 Phaethon,
748 392 868 477 quem
884 361 1094 476 quondum
1111 390 1268 476 magna
1286 361 1456 473 loquen-

353 499 458 573 lem,

239 594 333 679 Nec
348 594 431 677 sibi
445 587 674 683 cedentem,
694 589 937 703 Phoeboque
950 603 1122 702 parente
1139 588 1375 696 superbiam,

239 706 340 793 Non
356 704 451 787 tulit
466 699 716 788 Inachides:
732 702 955 816 matrique,
973 704 1054 794 ait,
1073 702 1213 784 omnia
1229 695 1400 781 deniens

244 817 408 911 Credis,
427 834 467 899 et
484 845 528 897 es
545 812 728 897 tumidus
741 817 946 928 geru’toris
963 815 1146 928 imagine
1154 813 1278 925 falsi.

240 933 422 1018 Erubuit
439 928 679 1023 Phaethon,
696 928 881 1040 iramque
893 927 1054 1039 pudore
1071 926 1287 1035 repressit.-
1379 921 1456 1035 755

241 1046 304 1132 Et
321 1045 416 1126 tulit
432 1040 495 1127 ad.
513 1039 747 1152 Clymenem
764 1038 938 1152 Epaphi
953 1041 1151 1125 conuicia
1168 1056 1352 1122 neutrum.

246 1158 419 1270 Quoque
435 1155 573 1268 magis
588 1153 981 1266 duleas,gem‘t1iu‚
998 1155 1079 1242 ait.-
1098 1154 1169 1236 ille
1185 1181 1265 1267 ego
1283 1152 1403 1252 liber,

220 1270 479 1380 'llleferoa,
497 1268 627 1354 tacui.-
638 1264 771 1376 pudet
786 1267 890 1351 haec
908 1267 1122 1379 opprobria
1140 1268 1259 1350 nobis

243 1381 307 1467 Et
323 1380 415 1466 dici
424 1381 629 1492 potuisse,
645 1398 687 1462 et
703 1405 787 1461 non
799 1384 986 1490 potuisse
1003 1381 1149 1491 refetti.

243 1493 307 1577 Ac
324 1511 388 1589 tu,
406 1497 448 1576 si
461 1491 585 1577 nudo
601 1522 693 1578 sum
710 1493 883 1579 caelesti
898 1495 1025 1607 stiipe
1041 1509 1230 1584 amatus,
1375 1489 1451 1603 760

244 1603 344 1691 Ede
359 1625 501 1692 notam
517 1609 629 1693 tanti
637 1605 825 1725 generis,
843 1636 986 1721 nuque
1002 1605 1150 1692 atsere
1166 1607 1295 1692 caelo.

300 3599 362 3668 55²·
382 3593 440 3650 Nec
459 3591 512 3649 sibi
531 3593 689 3652 cedentem.
709 3598 784 3671 Quia
808 3596 918 3655 Phoebo
935 3605 1020 3674 patre
1032 3602 1191 3655 Deaaatus
1208 3609 1298 3666 esset,
1311 3618 1405 3675 aeque
1421 3615 1452 3652 ac

243 3686 390 3762 Epaphus.
412 3687 443 3743 V
441 3704 519 3741 erum
538 3704 593 3741 nou
612 3706 703 3764 aeque
722 3706 828 3763 magno
847 3687 915 3754 deo,
928 3697 960 3744 ut
978 3688 1039 3745 ille:
1053 3708 1120 3745 nam
1139 3688 1208 3767 quid
1219 3693 1286 3745 love
1297 3691 1391 3765 majus
1406 3689 1451 3743 ha·

244 3781 342 3836 betur?
356 3776 462 3832 Cedere
480 3797 548 3852 ergo
568 3779 718 3834 Phaethon
737 3780 861 3856 Epapho
879 3779 1021 3838 ‹lehuimet
1039 3783 1095 3837 hac
1113 3786 1142 3837 in
1160 3791 1252 3856 parte.
1280 3783 1340 3839 Sed
1364 3782 1451 3839 Phai-

244 3869 336 3924 thonti
353 3870 464 3922 animas
482 3869 621 3943 augebat,
635 3868 713 3946 qteod
723 3889 806 3925 avum
829 3870 946 3927 haberet
964 3876 1075 3937 lavem,
1087 3882 1115 3927 et
1134 3872 1274 3949 Epaphus
1285 3874 1323 3931 de
1332 3893 1390 3931 auo
1400 3874 1453 3952 glc

244 3963 316 4016 riari
334 3978 391 4014 aon
409 3967 537 4033 poterat:
550 3979 616 4016 nam
635 3965 757 4019 Saturni
774 3962 882 4018 nullum
896 3965 962 4039 jam
981 3984 1081 4021 nautea
1099 3976 1173 4021 erat.

302 4055 365 4125 753.
384 4049 539 4107 Inachides.
550 4054 701 4128 Epaphus.
711 4054 812 4111 Inachi
830 4075 927 4130 nepos.
1047 4043 1051 4056 ⁸

301 4145 363 4214 756.
383 4139 429 4197 Ad
448 4139 623 4217 Clymeneia.
643 4145 725 4217 Quae
735 4143 838 4217 fertur
855 4144 989 4220 Nympha
1005 4143 1104 4221 juisse
1124 4150 1245 4213 Oceani,
1263 4158 1292 4202 et
1315 4143 1451 4220 Tethydat

233 4235 436 4309 flumenque
455 4234 559 4309 Apollo
577 4237 692 4291 sustulit
713 4237 926 4293 Phaethontem.
947 4236 1033 4294 Tulit.
1054 4241 1139 4295 Mure
1163 4258 1332 4313 puerorum,
1354 4241 1401 4316 qui
1412 4232 1448 4308 as·

233 4326 316 4400 suasi
335 4327 372 4381 ab
391 4327 571 4402 aequalibus,
585 4345 643 4382 rem
663 4329 705 4382 ad
723 4339 857 4403 parentes
876 4327 1010 4395 deferunt
1017 4340 1067 4399 ,et
1086 4332 1123 4387 ab
1135 4334 1170 4387 iis
1183 4331 1336 4388 vindictam
1346 4336 1445 4406 petunt·
