3008 5160
247 283 321 340 102
579 280 614 337 Ρ.
643 279 772 338 ovum
799 275 965 337 motus

155 397 491 508 Hornferamque
508 393 659 488 oculis,
672 396 890 506 animoque
902 392 1051 505 objecit
1062 390 1265 504 Erinnyn
1293 391 1370 503 725

157 509 330 593 Pettius
347 506 593 620 Argolicae,
612 508 881 621 stimulosque
897 507 943 589 in
956 512 1123 616 pectore
1140 533 1291 588 caecos

160 619 384 716 Condidit,
402 638 442 702 et
452 622 682 734 profugam
693 649 772 729 per
786 636 915 702 totum
932 620 1078 701 terruit
1096 620 1242 700 oriem.

160 734 340 818 Ultimus
356 735 553 816 amuoenso
569 736 773 840 restabat,
788 732 908 825 Nile,
927 732 1082 817 labori:

159 846 292 958 Quem
308 845 435 930 simul
446 874 500 929 ac
518 846 673 958 tetigit,
687 845 916 958 positisque
933 845 980 925 in
997 843 1187 957 margine
1203 845 1318 953 ripae

153 957 380 1069 Procubuit
392 960 589 1088 genibus,
606 958 876 1151 resupirgopue
893 955 1029 1039 ardua
1047 957 1176 1049 collo,
1291 955 1368 1065 730

153 1070 275 1266 gnos
287 1088 443 1182 potuit,
461 1072 572 1153 solos
589 1072 737 1152 tollens
831 1066 970 1152 sidera
990 1071 1144 1176 cultus,

201 1185 415 1297 tgemitu,
432 1199 474 1264 et
491 1183 721 1294 lacrymis,
738 1199 780 1264 et
796 1182 1003 1264 luctisono
1021 1184 1185 1296 mugitu

157 1294 261 1379 Cum
276 1296 376 1381 Jove
394 1298 482 1379 visa
500 1295 620 1408 queri
632 1293 938 1406 est,finemque
957 1323 1075 1378 orare
1092 1293 1306 1376 malorum.

156 1405 358 1520 Conjugis
374 1407 447 1489 ille
463 1435 565 1489 suae
580 1408 825 1517 complexus
841 1407 954 1490 colla
972 1409 1165 1515 lacertis,

153 1518 299 1603 R‘m'at
317 1535 363 1600 ut
372 1546 533 1629 poenas
550 1516 739 1613 taudem,
756 1534 899 1632 rogat:
915 1518 1048 1631 Inque
1055 1519 1250 1629 futurum
1289 1514 1364 1630 735

153 1631 270 1713 Pone
287 1647 431 1725 metus,
449 1631 601 1743 inquit,
619 1660 846 1745 numquam
863 1630 941 1712 tibi
955 1657 1110 1713 caussa
1128 1628 1288 1713 doloris

151 1743 270 1827 Haec
286 1744 388 1832 erit:
405 1759 445 1826 ct
462 1743 637 1857 Stygias
644 1743 767 1856 jubet
784 1742 864 1826 luc
880 1741 1028 1827 audire
1041 1739 1233 1851 paludes.

196 3906 259 3980 7²⁵·
279 3903 417 3982 Erinnyn.
436 3909 556 3964 Furoris
573 3916 705 3966 oestrum.
726 3909 790 3967 Hoc
808 3907 952 3986 quondam
971 3920 1095 3967 monstro
1113 3905 1264 3966 horribiles
1288 3923 1357 3964 exer·

138 3995 197 4054 cuit
216 3997 270 4053 iras
288 3995 419 4055 Inachiae
438 3998 509 4055 Iano
529 4011 637 4077 pestem
656 3999 791 4058 meditata
809 4000 955 4059 iuvencae.
975 4003 1059 4076 Virg.
1079 4003 1106 4054 3.
1126 4001 1231 4076 Gearg.

194 4089 257 4159 7²⁶·
278 4084 390 4144 pellicis
409 4086 565 4164 Argolicae.
585 4081 636 4159 Ιΰς
655 4090 756 4146 Inaciu'
774 4093 945 4167 Argivorum
957 4089 1043 4163 flavii
1052 4088 1149 4167 filiae.

191 4178 254 4244 728.
272 4172 346 4231 Nile.
367 4176 395 4229 A
415 4176 600 4234 Phoenicibus
618 4189 735 4255 raptam
754 4200 791 4236 ex
803 4182 891 4257 Argis
909 4182 943 4233 10
961 4177 1057 4232 scribit
1071 4174 1236 4233 Herodotus
1255 4177 1283 4228 in
1300 4170 1354 4226 Clio

135 4283 188 4338 per
206 4267 317 4320 initium
336 4265 416 4333 iibri,
430 4274 460 4323 et
477 4268 515 4324 ab
533 4272 568 4326 iis
586 4274 616 4326 in
634 4275 790 4348 Egyptam
810 4272 1001 4346 deportatam.
1021 4271 1065 4326 1u'
1083 4270 1186 4345 ajunt,
1198 4287 1261 4325 cum
1273 4266 1352 4339 ligr·

132 4359 207 4428 ptios
226 4358 317 4414 malta
335 4377 410 4415 nava
429 4361 544 4418 inventa
563 4361 723 4431 docuisset,
737 4364 796 4439 Api
812 4366 876 4439 regi
894 4362 1034 4437 nupsisse.
