3008 5160
330 196 381 310 76
441 179 450 201 ⁸
654 224 690 282 ι’.
718 222 849 282 ovum
878 221 1045 284 sssous
1121 284 1124 289 ,

247 342 304 426 Ut
322 342 444 424 canis
462 340 508 423 in
525 368 658 423 uacuo
676 339 853 450 leporem
871 369 967 424 cum
987 336 1183 426 Gallicus
1199 367 1301 422 arro

246 453 386 547 Vidit,
403 471 443 537 et
460 454 530 535 ieie
542 449 746 562 praedam
758 450 938 564 pedibus
949 453 1075 564 petit,
1096 453 1169 536 ille
1186 450 1396 563 salutem3

243 567 371 651 Alter
383 568 605 648 inhaesuro
623 566 774 650 similis
775 564 872 678 jam
878 565 1055 680 jamque
1072 583 1210 649 tenere
1379 558 1466 651 535

242 683 407 794 Sperat,
427 697 467 761 et
485 695 655 762 extento
672 680 845 792 stringit
862 679 1040 794 vestigia
1057 695 1218 770 iusim.-

243 794 370 877 Alter
383 793 429 873 in
446 793 644 906 enebiguo
661 807 750 886 est,
767 821 826 874 an
843 792 899 875 sit
917 789 1165 902 deprensus;
1182 808 1224 873 et
1241 788 1350 900 ipsis

241 903 460 991 Mursibus
477 905 673 1016 eripitur,
692 905 992 1017 tangentiaque
1011 932 1086 988 ora
1103 904 1313 1017 relinquit.

241 1021 315 1103 Sic
333 1017 474 1112 Deus,
492 1034 533 1099 et
551 1020 667 1133 uirgo
684 1034 767 1106 est.-
785 1017 857 1100 tic
875 1045 947 1127 spe
964 1017 1094 1118 celer,
1112 1016 1192 1100 illu
1216 1017 1378 1100 timore.

246 1131 335 1241 Qui
349 1146 488 1212 tumen
505 1131 757 1262 insequitur,
769 1131 922 1238 pennis
940 1127 1116 1243 adjutus
1136 1129 1314 1213 Amoris
1379 1123 1457 1236 540

243 1244 375 1349 Ocior
388 1258 475 1336 est,
493 1272 752 1355 requiemque
769 1258 919 1355 negat:
935 1258 1131 1357 tergoque
1139 1242 1178 1352 f
1229 1244 1307 1326 aei

241 1356 458 1454 Imminet;
476 1371 517 1436 et
535 1357 691 1437 crinem
708 1383 900 1465 sparsum
917 1356 1148 1440 ceruicibus
1165 1271 1305 1471 :efflat

247 1467 419 1556 Viribus
437 1469 665 1578 absumptis
682 1466 892 1578 expalluit
907 1467 1003 1566 illa,·
1021 1470 1211 1583 citaeque

245 1566 373 1668 Viete
390 1581 530 1662 labore
537 1580 696 1696 fugae,
714 1597 910 1690 spectans
925 1579 1140 1666 Peneidas
1157 1578 1318 1675 undas,
1376 1577 1455 1688 544

242 1690 345 1786 Fer,
358 1709 505 1802 puter,
523 1693 679 1804 inquit,
695 1721 838 1805 opem;
855 1694 898 1778 si
897 1690 1090 1809 flumina
1108 1722 1260 1776 numen
1278 1693 1447 1776 habetis.

288 1807 344 1886 uu'
361 1806 534 1886 nimium
549 1805 715 1914 placui,
729 1806 872 1901 tellus,
890 1824 967 1889 aut
984 1805 1121 1901 hisce,
1140 1807 1206 1892 rel
1219 1807 1367 1902 istam,

287 1946 365 1998 uae
373 1918 490 2026 facit
509 1933 555 1998 ut
572 1916 736 2013 laedar,
756 1917 958 2003 mutando
969 1917 1100 2030 perde
1105 1918 1317 2035 figuram.

245 2029 338 2116 Vix
352 2058 475 2137 prece
480 2029 646 2138 fim'tri,
665 2047 807 2139 torpor
819 2033 963 2146 gravis
980 2031 1063 2114 alli
1090 2048 1136 2114 at
1153 2049 1294 2122 unus:

241 2139 400 2224 Mollia
418 2144 648 2255 cinguntur
663 2145 780 2224 tenui
790 2143 1044 2253 praecordia
1057 2061 1181 2230 libro.

240 2253 294 2337 ln
299 2251 501 2362 frundun
519 2257 673 2350 crines,
691 2255 737 2339 in
754 2284 893 2342 ramus
909 2256 1083 2378 brachia
1100 2274 1321 2346 crescunt.-
1377 2249 1452 2343 550

311 3763 373 3833 546.
393 3760 457 3831 Qui
476 3757 592 3820 nimium
612 3762 706 3843 placui
718 3805 728 3832 ,
748 3763 861 3834 Tellus,
880 3764 935 3835 ait,
953 3763 1040 3826 hisce.
1053 3767 1113 3826 Aut
1123 3765 1201 3826 hisee
1211 3771 1317 3827 metius
1327 3763 1402 3825 multi
1416 3777 1448 3819 tt

231 3853 368 3928 antiquis.
379 3849 504 3926 Quidam
514 3852 566 3910 hos
578 3855 651 3913 teos
663 3874 763 3914 uersus
773 3857 916 3932 superiori
927 3867 1110 3934 praepunsmt
1116 3881 1126 3925 ,·
1138 3861 1306 3917 ueterrimas
1313 3855 1445 3915 Palatini

235 3943 309 3999 hunc
331 3964 389 3999 nun
415 3948 562 4018 agnoseit:
588 3967 661 4004 unus
687 3951 889 4006 Grunuuianus
907 3942 1041 4008 niutrum
1065 3950 1167 4020 liniet,
1193 3962 1222 4008 et
1246 3961 1324 4010 certe
1344 3939 1447 4007 salustii

235 4035 380 4102 videntum·
398 4038 455 4091 nisi
473 4037 556 4112 legas
574 4038 674 4096 ordine
692 4043 815 4097 inverso:

405 4131 484 4199 Quae
505 4129 573 4184 tacis
593 4144 624 4186 ut
636 4130 744 4200 laedar,
757 4133 870 4202 Tellus,
880 4147 929 4193 eut
940 4134 1033 4204 hisce,
1046 4136 1092 4196 vel
1105 4137 1186 4196 ἰεὶιηι

404 4219 466 4290 Qui
488 4219 608 4275 nimium
627 4220 738 4298 placui,
758 4226 896 4285 mutando
917 4225 1002 4304 penis
1022 4227 1149 4308 figurem.

311 4307 370 4367 Sed
389 4308 545 4367 Oviiliauos
563 4329 625 4368 esse
644 4315 777 4371 Heinsius
796 4335 855 4372 non
873 4320 1030 4376 existimat.
