3008 5160
222 172 250 257 8
553 194 589 258 r.
607 194 918 269 omnesones

132 317 271 409 Jussit
287 332 327 400 et
344 311 521 399 extendi
535 343 731 426 campos,
750 312 965 399 subsidere
982 312 1131 407 valles,

134 428 304 519 Fronde
321 431 411 544 tegi
425 429 577 522 siluas,
596 426 812 537 lapidosos
829 456 998 622 surgere
1016 441 1187 510 montes.

138 545 276 657 thste
293 542 403 626 ditae
420 540 575 626 dextrd
593 541 780 635 coelum,
799 540 877 624 toti
929 571 1049 653 nuptie
1066 535 1244 621 sinistrd
1295 526 1345 640 45

135 660 264 744 Parte
281 672 426 740 secant
443 655 602 753 Zonae;
621 655 766 768 quinta
783 670 846 736 est
865 651 1082 735 ardentior
1096 650 1208 736 illis.-
1361 680 1364 684 ·

136 773 211 855 Sic
230 799 332 852 onus
350 767 557 852 inclusum
575 796 744 850 numero
770 766 972 849 distinoit
989 762 1134 848 eodem

140 883 251 969 &tm
269 881 371 976 Dei,
390 878 637 993 totidemque
649 881 809 994 plagae
826 880 970 961 tellure
982 892 1237 989 premuntur.

137 997 327 1195 guarum
345 1024 452 1108 quae
469 992 608 1076 media
627 1010 710 1086 est,
727 1020 813 1074 non
831 1008 892 1074 est
908 990 1150 1073 habitabilis
1167 1004 1308 1084 aestu;

82 1144 84 1149 ’
183 1108 448 1222 integitalta
461 1103 588 1193 duos:
602 1096 1344 1216 totideminterutramquelocavibbt)

138 1223 468 1332 Temperiemque
485 1215 617 1311 dedit,
635 1218 776 1301 mietd
793 1247 888 1301 cum
895 1217 1066 1332 frigore
1068 1214 1268 1328 flanund

137 1337 327 1419 Imminet
345 1334 412 1415 bis
430 1344 523 1425 uer,
541 1333 615 1444 qui
632 1347 789 1442 quanto
806 1347 868 1413 est
880 1328 1065 1442 pondere
1085 1345 1222 1410 terrae

135 1445 313 1534 Pondus
331 1475 467 1557 aquae
499 1443 626 1527 levius
642 1509 652 1544 ,
671 1459 790 1526 tanto
807 1460 868 1525 est
890 1444 1105 1528 onerosior
1118 1441 1232 1553 igne.

137 1560 238 1646 Illic
255 1576 295 1642 et
312 1558 514 1649 nebulas,
531 1556 622 1640 illie
639 1558 866 1639 consistere
885 1559 1012 1638 nubes

139 1673 298 1779 Jussit,
318 1688 358 1752 et
374 1670 579 1751 iunones
596 1688 759 1752 motum
775 1670 958 1752 'tom'tnco
976 1682 1157 1759 utentes,
1296 1660 1348 1749 55

139 1784 204 1870 Et
221 1813 316 1869 cum
322 1781 577 1893 fulminibus
584 1784 797 1893 facientes
805 1784 980 1896 frigora
998 1796 1152 1865 uentos.

140 1898 223 1980 His
240 1924 400 2010 quoque
418 1924 502 1978 non
513 1898 676 2005 possim
692 1896 1090 2005 mundifabn’cator
1103 1889 1340 1975 babendum

141 2010 260 2094 Atro
272 2009 462 2117 permisit
476 2051 488 2096 .·
506 2010 580 2092 rte
597 2037 711 2092 nunc
730 2009 945 2091 obsistitur
959 2008 1072 2100 illis,

146 2120 251 2206 Cum
267 2150 346 2202 sua
365 2121 538 2232 quisque
555 2138 675 2235 regat
693 2119 1051 2239 dirersostamiua
1070 2135 1229 2226 namu,

141 2234 261 2431 guin
268 2233 427 2314 lanient
438 2231 657 2321 mundum:
675 2250 795 2316 tanta
802 2232 1088 2318 estdisconlia
1087 2231 1289 2340 fratrum.
1305 2227 1355 2317 60

189 2374 288 2427 urus
304 2343 368 2426 od
381 2373 594 2439 auroram,
613 2345 862 2430 Nobatbaea
891 2380 941 2430 ue
959 2376 1091 2461 regna
1109 2346 1303 2437 necessit,

142 2455 428 2568 Persidaque,
445 2473 487 2538 et
502 2456 637 2541 radiis
644 2458 761 2574 juga
777 2463 854 2542 sub
896 2462 947 2543 ‘ta
965 2459 1211 2543 matutinis.-

149 2569 328 2678 Vesper,
346 2585 387 2649 et
404 2567 582 2652 occiduo
600 2599 706 2681 quoe
724 2571 865 2652 littora
882 2573 970 2654 sole
987 2586 1217 2680 tepescunt,

143 2681 350 2766 Proxima
367 2699 464 2762 sunt
481 2682 696 2790 Zepbyro:
713 2680 957 2792 Scytlziam,
976 2698 1208 2792 septemque
1234 2684 1382 2767 triones

146 2793 340 2904 Horrifhr
353 2793 505 2876 incasit
523 2794 694 2880 boreas.-
711 2797 926 2876 contrario
944 2794 1067 2876 tellus
1308 2790 1359 2878 65

146 2903 335 2992 Nubibus
351 2901 574 2997 adsiduis,
587 2906 809 3019 pluvioque
825 2903 1030 2991 maelescit
1047 2907 1100 2986 ab
1118 2921 1275 2989 austro.

179 3337 252 3478 Iso.
270 3332 410 3390 Fratrum
435 3334 611 3402 Ventorum,
637 3338 686 3414 qui
710 3338 845 3401 Aurorae
862 3349 892 3414 et
912 3341 1030 3396 Astraei
1048 3337 1178 3417 gigantis
1192 3337 1266 3414 filii.
1296 3344 1362 3399 Hes.

152 3423 182 3479 Τ
215 3439 262 3498 og.

208 3519 255 3569 61.
274 3512 493 3592 Nnbsthnenqne
512 3534 607 3595 regne.
628 3519 798 3576 Orientalia.
818 3519 938 3578 Nabatls
962 3523 1036 3578 enim
1061 3519 1194 3576 Ismaelis
1203 3520 1311 3596 fitius,
1331 3531 1362 3581 ut

151 3603 294 3679 loseplsus
316 3605 430 3673 scribit,
455 3609 515 3663 unis
538 3627 601 3665 oum
625 3607 754 3665 undem
772 3609 922 3685 fratribus
947 3614 1028 3675 suis,
1054 3628 1164 3666 omnem
1189 3617 1301 3666 terrem
1326 3613 1364 3669 ab

151 3696 303 3772 Euphrate
320 3697 363 3754 ad
380 3717 461 3755 mare
482 3700 600 3759 rubrum
620 3719 708 3778 usque
733 3707 859 3778 positam
878 3704 986 3770 tenuit,
1005 3702 1270 3779 Nabatbaeamque
1294 3723 1363 3781 pro·

152 3792 272 3846 unciam
291 3792 456 3849 nominavit.

209 3886 256 3954 64.
275 3882 447 3961 septemque
471 3885 585 3944 triones.
606 3889 709 3943 Prisca
729 3889 829 3965 lingua
855 3888 961 3946 triones
986 3889 1072 3946 boves
1091 3887 1264 3944 dicebantur
1294 3910 1364 3946 ara·

154 3973 240 4028 torii:
265 3983 374 4049 septem
399 3983 495 4032 autem
521 3978 624 4034 stellae
648 3980 693 4033 ita
711 3981 741 4034 iu
760 3999 797 4035 ea
821 3988 905 4056 parte
925 3979 1001 4035 caeli
1025 3986 1093 4038 sunt
1119 3976 1305 4046 collocatae,
1333 3989 1365 4037 ut

151 4061 313 4137 plaustrum
333 4082 398 4120 curn
422 4064 508 4123 bobus
527 4066 669 4144 effingere
687 4069 846 4140 uideantur3
864 4080 893 4130 et
913 4071 957 4128 illi
968 4071 1079 4147 regioni
1091 4070 1303 4141 ,Septentriouis
1314 4090 1366 4127 no-

153 4170 217 4210 men
237 4153 438 4227 imposuerunt.
460 4158 537 4213 Gest.
556 4158 603 4214 lib.
627 4180 656 4215 ιι
680 4177 745 4236 cap.
768 4181 812 4217 αι.

212 4247 257 4302 65.
277 4246 425 4304 Contraria
445 4247 537 4308 tellus.
550 4251 969 4322 Meridioualis,Antarctica,
987 4249 1208 4329 septentrionali
1219 4255 1368 4326 opposita.
