3038 5154
203 206 212 251 l

249 280 330 397 298
572 304 608 364 u.
635 302 765 365 ovum
791 302 958 367 ussosss

159 426 226 511 Nc
243 452 369 533 cape,
387 417 441 503 de
452 419 626 530 populo,
645 449 764 532 quem
780 436 890 502 terra
907 434 1140 514 creaverat,
1159 447 1270 503 ursus

159 536 422 628 Exclamat,
439 560 518 614 uec
534 549 575 615 te
592 533 781 618 civilibus
798 535 931 617 imese
947 533 1079 616 bellis.

161 652 303 761 Atque
319 651 380 730 ita
397 647 499 728 terri
526 647 617 729 enis
633 643 775 760 rigido
792 645 845 728 de
932 647 1062 729 tribus
1081 672 1208 727 ussum

164 760 360 847 Cominus
376 787 472 842 cnse
479 674 606 868 first.-
614 757 766 872 jaculo
877 761 902 838 ’t
918 758 1078 842 eatinus
1094 758 1195 868 ipse.

158 873 246 958 Hic
263 901 447 986 quoque,
467 872 540 981 oui
555 871 638 954 leto
656 869 846 968 dederat,
865 899 950 956 uon
967 871 1138 985 lougius
1155 868 1233 951 illo
1293 896 1365 959 12⁰

165 985 294 1080 Vivit,
312 1002 353 1069 et
369 983 577 1093 exspirat,
596 981 719 1069 modi>
736 1013 843 1098 quas
858 1000 1097 1094 acceperat,
1114 1008 1260 1065 auras.

158 1096 451 1209 Exemploque
463 1097 685 1206 parifurit
703 1099 836 1180 omnis
855 1099 995 1184 turbo:
1011 1124 1090 1178 suo
1118 1126 1172 1178 uc

158 1210 303 1295 Marte
318 1208 478 1294 cadunt
494 1210 622 1292 subiti
631 1237 709 1319 per
722 1227 867 1292 mutua
882 1209 1060 1291 vulnera
1098 1224 1245 1290 ratres.

157 1322 334 1434 Jamque
349 1322 479 1404 brevis
495 1322 676 1431 spatium
693 1326 809 1406 uitae
825 1323 974 1406 sortito
982 1322 1183 1434 juventus

158 1433 440 1563 Sanguineam
456 1429 594 1542 tepido
606 1434 866 1549 plangebant
879 1451 1046 1544 pectore
1064 1449 1255 1528 matrum
1293 1431 1364 1523 125

161 1544 354 1659 Qutnqzre
370 1545 671 1655 superstitibus:
688 1547 960 1660 quomcmfuit
978 1572 1086 1628 unus
1103 1543 1287 1631 Eolsion.

155 1658 202 1741 Is
220 1687 298 1740 sua
305 1658 413 1770 jecit
430 1659 545 1740 humei
560 1661 717 1742 monitu
736 1655 969 1743 Tritonidis
980 1688 1112 1755 arum

155 1769 607 1883 Fraternaequefidcm
619 1774 743 1882 pacis
756 1772 955 1883 petiitque
973 1767 1187 1883 deditque.

156 1881 248 1966 Hos
265 1885 398 1993 operis
415 1885 585 1969 comites
602 1885 744 1967 habuit
762 1880 961 1969 Sidonius
978 1884 1126 1992 lsospes
1316 1914 1323 1919 ·

159 1992 262 2077 (ism
275 1997 414 2106 posuit
422 1994 590 2110 jussam
607 1996 809 2083 Phoebeis
826 1997 1006 2080 sortibus
1024 1996 1177 2080 sudem.
1291 1992 1359 2079 130

206 3497 266 3534 suu.
287 3476 407 3554 Suoque.
429 3475 554 3534 Cadmus
565 3477 666 3554 fertur
684 3499 721 3537 ec
740 3479 894 3537 l’luacrsicia
912 3479 1062 3539 advexisse
1084 3483 1196 3557 primus
1220 3482 1322 3539 literas
1342 3485 1366 3535 is

148 3568 318 3634 Graeciam,
340 3586 477 3643 graecam
502 3568 715 3628 characteribus
738 3572 911 3646 expressisse
935 3571 1079 3648 augeam,
1101 3591 1139 3629 uc
1157 3574 1246 3632 rebus
1264 3572 1367 3629 dedisse

146 3662 272 3715 uomina.
286 3663 427 3717 Erasmus
446 3664 622 3737 serpentinos
641 3663 741 3720 deum
759 3665 966 3738 iuterpretatur
975 3666 1086 3732 literas,
1096 3665 1199 3743 quilius
1209 3664 1366 3743 digladiar-

148 3757 197 3803 tur
215 3752 290 3806 inter
308 3767 355 3816 se,
367 3750 576 3827 conficiuntque
592 3769 624 3808 se
642 3755 761 3809 inuicem
780 3753 908 3810 seditiosi
928 3755 944 3809 i
963 3755 1096 3811 literatis.

206 3846 266 3896 ωδ.
285 3842 419 3917 Quinque
437 3842 644 3922 superstitibus.
664 3848 766 3902 Omnes
784 3862 907 3923 namqu
924 3846 978 3902 oiri
988 3848 1031 3902 illi
1041 3850 1148 3904 armati
1158 3850 1268 3904 mutuis
1280 3847 1365 3903 vulso

145 3933 222 3988 ribus
240 3933 416 4003 cecideruut,
427 3945 543 4010 praeter
561 3936 612 3993 lios
631 3938 769 4014 quinque,
785 3938 933 4008 Uducssm,
948 3941 1132 4007 eructuatum,
1155 3940 1303 4007 Peiorem,
1316 3939 1366 4010 lly-

144 4040 325 4096 pereuorcm,
336 4032 366 4079 et
384 4025 555 4096 Eclsiouem,
568 4045 640 4105 quos
657 4028 770 4103 quidem
790 4028 916 4087 Cadmus
934 4033 1025 4087 socios
1043 4032 1120 4089 urbis
1137 4029 1305 4090 condendae
1324 4026 1365 4081 lta·

127 4112 130 4116 ’
143 4107 212 4165 buit.
224 4113 263 4166 Hi
274 4112 342 4168 veri
354 4116 441 4169 etiam
452 4108 600 4209 undgrei,
619 4118 672 4175 lioc
690 4128 733 4176 est
751 4121 897 4188 semiusti,
908 4120 1033 4196 suerunt
1052 4123 1204 4197 appellate.

204 4219 265 4270 ¹²9·
285 4198 416 4260 Sidonius
434 4201 545 4283 hospes.
565 4208 691 4269 Cadmus
711 4209 848 4265 Phoenic.
866 4209 943 4266 Nam
954 4212 1044 4269 Sidon
1056 4213 1123 4270 urbs
1136 4222 1180 4269 est
1193 4211 1363 4268 Pisaeru'cise·

178 4290 267 4428 suto.
286 4289 397 4347 iussum
416 4292 523 4352 urbem.
545 4297 657 4354 Thebas
675 4301 799 4356 Beotias.
822 4299 960 4360 Phoebeis
986 4302 1114 4362 sortibus.
1141 4303 1287 4379 Apollinis
1311 4315 1364 4358 ors-

143 4390 177 4430 eu
190 4393 225 4437 us.

482 4648 699 4858 ἱλ
