3008 5160
187 167 193 195 Ι
255 81 329 196 ι48
583 112 618 175 r.
645 111 776 171 ouon
801 108 967 171 ussons
1016 122 1039 175 ,·

168 217 227 313 Ut
243 232 345 312 ueris
362 255 520 311 summo
538 224 733 338 despenit
751 228 804 311 ab
822 227 984 310 aethere
1003 245 1134 309 terras
1210 290 1213 297 .

165 341 327 450 Infeliu
345 340 585 437 Pizae'titon,
598 343 766 453 penitus
779 343 1025 453 penitusque
1034 341 1246 454 jacentes,

167 453 349 547 Palluit,
368 471 406 536 et
426 455 562 540 subito
577 485 719 571 genua
737 458 979 538 intremuere
998 455 1157 551 timore;
1302 450 1374 538 180

165 568 351 679 Suntque
370 570 504 655 oculis
523 571 712 652 tenebrae
724 599 804 682 per
819 585 978 651 tuntum
996 568 1131 649 lunten
1151 569 1338 653 obortae:

165 679 228 766 Et
237 681 332 795 jam
351 683 493 767 maliet
511 711 637 795 equos
656 702 879 794 numquam
898 682 972 764 teti
1001 682 1084 763 isse
1096 699 1313 790 paternos,

162 795 341 906 Jamque
358 825 538 912 agnosse
554 825 688 911 genus
701 798 837 909 piget,
854 813 893 877 et
913 711 1092 880 enituisse
1109 792 1321 909 rogandos

164 907 262 990 Jam
281 908 471 1021 Meropis
490 908 582 993 dici
601 909 794 1021 cupiens,
813 909 875 990 ita
883 910 1044 1020 fertur,
1063 925 1109 988 ut
1125 925 1225 990 acta
1293 940 1313 1016 g

165 1019 396 1132 Praecipiti
407 1027 535 1135 pinus
554 1024 714 1116 Boreu‘,
734 1022 807 1104 cui
823 1023 942 1104 uicta
960 1018 1117 1103 remisit
1302 1017 1374 1107 185

164 1131 304 1214 Frena
321 1163 424 1217 suus
442 1154 600 1230 rector,
620 1163 745 1248 quam
763 1131 870 1234 Dis,
889 1135 1082 1246 uotisque
1100 1136 1282 1247 reliquit,

169 1243 289 1355 Quid
293 1249 438 1357 faciut
451 1250 478 1330 ‚⁹
495 1248 667 1330 multum
686 1247 796 1330 caeli
806 1265 904 1357 post
921 1265 1038 1361 terga
1056 1247 1265 1342 relictum,

166 1358 282 1439 Ante
300 1363 444 1445 oculos
457 1363 556 1473 plus
574 1378 654 1444 est:
674 1360 816 1443 animo
833 1364 1000 1444 metitur
1014 1377 1248 1470 utrumque:

166 1466 230 1553 Et
247 1471 398 1569 niodo,
417 1504 520 1588 quos
537 1454 754 1584 illifatum
772 1476 1013 1589 contingere
1031 1500 1116 1554 non
1134 1489 1216 1573 est,

165 1581 376 1693 Pmspicr't
394 1615 592 1687 occasus;
610 1583 817 1671 interdum
834 1588 1003 1698 respicit
1020 1602 1154 1671 ortus.-
1244 1596 1248 1601 “
1301 1614 1374 1700 ¹9⁰

167 1692 363 1809 Quidque
381 1718 486 1815 agat
503 1695 696 1813 ignarus,
717 1715 872 1810 stupet.-
890 1717 929 1781 et
947 1728 1025 1781 nec
1033 1699 1163 1806 frena
1183 1700 1367 1796 remittit,

163 1804 259 1889 Nec
276 1813 450 1895 retinere
469 1815 597 1902 valet.-
614 1842 693 1897 nec
711 1814 880 1896 nomina
899 1814 1012 1896 novit
1028 1839 1237 2001 equorum.
1354 1867 1357 1871 «

163 1917 320 2027 Sparsa
339 1950 499 2040 quoque
516 1922 562 2008 in
581 1928 695 2011 uario
708 1924 872 2036 passim
889 1927 1052 2006 miracu
1069 1953 1098 2004 a
1117 1924 1251 2017 caelo,

166 2030 217 2116 V
206 2049 472 2148 astarumque
489 2037 599 2122 ridet
617 2036 801 2151 trepidus
819 2036 1049 2119 simulacra
1057 2036 1261 2144 ferarum.
1302 2038 1375 2151 194

164 2142 250 2227 Est
267 2144 400 2256 Iocus5
421 2150 467 2231 in
482 2154 673 2264 geminos
692 2152 765 2234 ubi
780 2149 952 2233 brachia
972 2167 1184 2232 concavat
1200 2176 1327 2232 arcus

164 2257 384 2368 Scorpius,
402 2279 442 2342 et
460 2261 851 2378 catidd,stexisque
869 2264 1073 2373 utrimque
1092 2262 1281 2362 lacertis,

163 2369 352 2485 Porrigit
369 2377 416 2455 in
431 2377 613 2486 spatium
630 2378 846 2492 signanum
863 2377 1042 2461 membra
1060 2373 1249 2460 duorum

223 3662 284 3731 ¹⁸⁴·
303 3651 367 3715 ium
387 3648 510 3736 Meropis
528 3654 604 3728 ttici,
636 3673 690 3720 ete.
710 3656 805 3720 Filius
823 3653 1071 3739 subintelligatur:
1091 3651 1212 3735 Merops
1230 3652 1304 3719 enim
1325 3649 1389 3740 &ipe

163 3763 257 3807 menes
266 3750 333 3827 suit
353 3756 492 3808 transitus:
510 3775 674 3831 quanquam
700 3757 851 3834 Meropes,
872 3757 997 3812 hanzines
1022 3755 1159 3811 dicantur
1183 3756 1265 3829 apud
1289 3759 1390 3814 Hm·

160 3862 236 3911 rum,
249 3845 327 3921 quad
345 3843 453 3900 divisas
473 3845 596 3903 habeant
616 3867 781 3928 vocemqua
798 3849 1008 3925 significatione
1027 3847 1073 3902 iu'e
1091 3866 1204 3924 quoque
1223 3852 1318 3923 aaeipi
1341 3869 1388 3925 pa-

160 3945 229 3993 test:
241 3955 278 3992 ae
296 3939 321 3992 si
340 3935 461 4005 diceret,
474 3942 590 4012 cupietis
605 3941 670 4015 jam
691 3941 926 4017 inaminisfilius,
938 3942 1031 4016 magis
1051 3960 1138 4017 quam
1156 3943 1227 4009 Det}
1238 3941 1390 4017 appellari.¹

222 4033 283 4102 196.
304 4028 445 4106 Scorpius.
464 4030 583 4105 Signum
602 4034 726 4089 Zodiaci
744 4043 882 4091 constans
900 4031 975 4088 stell.
995 4027 1181 4088 sucinorum
1201 4036 1275 4108 pene
1298 4037 1389 4109 signa·

161 4139 222 4180 rum
241 4127 340 4199 spatia
360 4139 517 4197 occupans:
530 4119 630 4179 chelae
648 4127 786 4202 siquidem
800 4124 913 4184 Libram
927 4126 1098 4181 constituere
1109 4125 1235 4193 videtur]
1249 4117 1389 4202 scorpium

160 4235 229 4275 vera
250 4218 342 4292 ipsum
363 4215 457 4273 cauda
479 4234 603 4274 recurva
623 4218 767 4294 designata
