<?xml version="1.0" encoding="UTF-8"?>
<!DOCTYPE html PUBLIC "-//W3C//DTD XHTML 1.0 Transitional//EN"
    "http://www.w3.org/TR/xhtml1/DTD/xhtml1-transitional.dtd">
<html xmlns="http://www.w3.org/1999/xhtml" xml:lang="en" lang="en">
 <head>
  <title>
</title>
<meta http-equiv="Content-Type" content="text/html;charset=utf-8" />
  <meta name='ocr-system' content='tesseract 3.04.00' />
  <meta name='ocr-capabilities' content='ocr_page ocr_carea ocr_par ocr_line ocrx_word'/>
</head>
<body>
  <div class='ocr_page' id='page_1' title='image "./povidiinasonism03angugoog_0212.png"; bbox 0 0 3008 5160; ppageno 0'>
   <div class='ocr_carea' id='block_1_1' title="bbox 270 96 971 184">
    <p class='ocr_par' dir='ltr' id='par_1_1' title="bbox 270 96 971 184">
     <span class='ocr_line' id='line_1_1' title="bbox 270 96 971 184; baseline 0.006 -4"><span class='ocrx_word' id='word_1_1' title='bbox 270 96 345 181; x_wconf 77' lang='lat'><em>162</em></span> <span class='ocrx_word' id='word_1_2' title='bbox 601 122 636 179; x_wconf 80' lang='lat' dir='ltr'><em>r.</em></span> <span class='ocrx_word' id='word_1_3' title='bbox 657 122 784 180; x_wconf 75' lang='lat' dir='ltr'><em>ovum</em></span> <span class='ocrx_word' id='word_1_4' title='bbox 803 116 971 184; x_wconf 65' lang='lat' dir='ltr'><em>nasonis</em></span> 
     </span>
    </p>
   </div>
   <div class='ocr_carea' id='block_1_2' title="bbox 62 235 1384 2043">
    <p class='ocr_par' dir='ltr' id='par_1_2' title="bbox 179 235 1384 663">
     <span class='ocr_line' id='line_1_2' title="bbox 179 235 1316 352; baseline -0.003 -27"><span class='ocrx_word' id='word_1_5' title='bbox 179 235 243 325; x_wconf 78' lang='lat' dir='ltr'><em>&#39;At</em></span> <span class='ocrx_word' id='word_1_6' title='bbox 254 257 379 351; x_wconf 89' lang='lat' dir='ltr'><em>pater</em></span> <span class='ocrx_word' id='word_1_7' title='bbox 394 243 670 352; x_wconf 85' lang='lat' dir='ltr'><em>omnipotens,</em></span> <span class='ocrx_word' id='word_1_8' title='bbox 689 240 867 351; x_wconf 87' lang='lat' dir='ltr'><em>Superos</em></span> <span class='ocrx_word' id='word_1_9' title='bbox 888 256 1077 333; x_wconf 87' lang='lat' dir='ltr'><em>testatus,</em></span> <span class='ocrx_word' id='word_1_10' title='bbox 1096 257 1135 320; x_wconf 88' lang='lat' dir='ltr'><em>et</em></span> <span class='ocrx_word' id='word_1_11' title='bbox 1153 241 1316 349; x_wconf 77' lang='lat' dir='ltr'><em>ipsum,</em></span> 
     </span>
     <span class='ocr_line' id='line_1_3' title="bbox 184 346 1384 466; baseline 0.001 -31"><span class='ocrx_word' id='word_1_12' title='bbox 184 354 273 466; x_wconf 84' lang='lat' dir='ltr'><em>Qui</em></span> <span class='ocrx_word' id='word_1_13' title='bbox 287 350 459 437; x_wconf 75' lang='lat' dir='ltr'><em>dederat</em></span> <span class='ocrx_word' id='word_1_14' title='bbox 477 361 644 448; x_wconf 74' lang='lat' dir='ltr'><em>currus&#39;,</em></span> <span class='ocrx_word' id='word_1_15' title='bbox 664 353 750 433; x_wconf 89' lang='lat' dir='ltr'><em>nisi</em></span> <span class='ocrx_word' id='word_1_16' title='bbox 765 381 881 463; x_wconf 88' lang='lat' dir='ltr'><em>opem</em></span> <span class='ocrx_word' id='word_1_17' title='bbox 890 356 1026 465; x_wconf 79' lang='lat' dir='ltr'><em>ferat,</em></span> <span class='ocrx_word' id='word_1_18' title='bbox 1045 355 1185 434; x_wconf 90' lang='lat' dir='ltr'><em>omnia</em></span> <span class='ocrx_word' id='word_1_19' title='bbox 1193 354 1294 461; x_wconf 89' lang='lat' dir='ltr'><em>fato</em></span> <span class='ocrx_word' id='word_1_20' title='bbox 1306 346 1384 437; x_wconf 78' lang='lat'><em>305</em></span> 
     </span>
     <span class='ocr_line' id='line_1_4' title="bbox 179 465 1250 579; baseline -0.004 -31"><span class='ocrx_word' id='word_1_21' title='bbox 179 468 402 549; x_wconf 86' lang='lat' dir='ltr'><em>Interitura</em></span> <span class='ocrx_word' id='word_1_22' title='bbox 418 469 564 579; x_wconf 80' lang='lat' dir='ltr'><em>graui,</em></span> <span class='ocrx_word' id='word_1_23' title='bbox 582 494 781 547; x_wconf 85' lang='lat' dir='ltr'><em>summam</em></span> <span class='ocrx_word' id='word_1_24' title='bbox 795 469 900 576; x_wconf 90' lang='lat' dir='ltr'><em>petit</em></span> <span class='ocrx_word' id='word_1_25' title='bbox 916 465 1075 548; x_wconf 83' lang='lat' dir='ltr'><em>arduus</em></span> <span class='ocrx_word' id='word_1_26' title='bbox 1092 494 1250 559; x_wconf 87' lang='lat' dir='ltr'><em>arcem,</em></span> 
     </span>
     <span class='ocr_line' id='line_1_5' title="bbox 185 577 1063 663; baseline -0.002 -1"><span class='ocrx_word' id='word_1_27' title='bbox 185 577 309 663; x_wconf 80' lang='lat' dir='ltr'><em>Unde</em></span> <span class='ocrx_word' id='word_1_28' title='bbox 326 581 429 661; x_wconf 88' lang='lat' dir='ltr'><em>solet</em></span> <span class='ocrx_word' id='word_1_29' title='bbox 448 581 548 662; x_wconf 87' lang='lat' dir='ltr'><em>latis</em></span> <span class='ocrx_word' id='word_1_30' title='bbox 565 583 692 661; x_wconf 84' lang='lat' dir='ltr'><em>nubes</em></span> <span class='ocrx_word' id='word_1_31' title='bbox 710 578 911 663; x_wconf 81' lang='lat' dir='ltr'><em>inducere</em></span> <span class='ocrx_word' id='word_1_32' title='bbox 928 582 1063 661; x_wconf 87' lang='lat' dir='ltr'><em>terris:</em></span> 
     </span>
    </p>

    <p class='ocr_par' dir='ltr' id='par_1_3' title="bbox 181 690 1382 1138">
     <span class='ocr_line' id='line_1_6' title="bbox 185 690 1300 885; baseline 0.002 -111"><span class='ocrx_word' id='word_1_33' title='bbox 185 690 308 774; x_wconf 82' lang='lat' dir='ltr'><em>Unde</em></span> <span class='ocrx_word' id='word_1_34' title='bbox 326 709 454 774; x_wconf 82' lang='lat' dir='ltr'><em>movet</em></span> <span class='ocrx_word' id='word_1_35' title='bbox 472 693 673 787; x_wconf 90' lang='lat' dir='ltr'><em>tonitrus,</em></span> <span class='ocrx_word' id='word_1_36' title='bbox 694 694 930 804; x_wconf 76' lang='lat' dir='ltr'><em>vibrataque</em></span> <span class='ocrx_word' id='word_1_37' title='bbox 922 692 1134 885; x_wconf 68' lang='lat' dir='ltr'><em>dfzdntiua</em></span> <span class='ocrx_word' id='word_1_38' title='bbox 1141 691 1300 803; x_wconf 75' lang='lat' dir='ltr'><em>jactat:</em></span> 
     </span>
     <span class='ocr_line' id='line_1_7' title="bbox 181 802 1254 917; baseline -0.002 -31"><span class='ocrx_word' id='word_1_39' title='bbox 181 802 269 887; x_wconf 71' lang='lat' dir='ltr'><em>Seed</em></span> <span class='ocrx_word' id='word_1_40' title='bbox 282 833 439 916; x_wconf 75' lang='lat' dir='ltr'><em>neque,</em></span> <span class='ocrx_word' id='word_1_41' title='bbox 459 834 563 917; x_wconf 79' lang='lat' dir='ltr'><em>qtras</em></span> <span class='ocrx_word' id='word_1_42' title='bbox 577 821 717 916; x_wconf 83' lang='lat' dir='ltr'><em>posset</em></span> <span class='ocrx_word' id='word_1_43' title='bbox 736 807 857 886; x_wconf 88' lang='lat' dir='ltr'><em>terris</em></span> <span class='ocrx_word' id='word_1_44' title='bbox 875 809 920 887; x_wconf 91' lang='lat' dir='ltr'><em>iu</em></span> <span class='ocrx_word' id='word_1_45' title='bbox 954 832 1099 896; x_wconf 87' lang='lat' dir='ltr'><em>ucerc,</em></span> <span class='ocrx_word' id='word_1_46' title='bbox 1123 804 1254 884; x_wconf 78' lang='lat' dir='ltr'><em>nubes</em></span> 
     </span>
     <span class='ocr_line' id='line_1_8' title="bbox 183 912 1382 1030; baseline -0.002 -32"><span class='ocrx_word' id='word_1_47' title='bbox 183 915 304 998; x_wconf 87' lang='lat' dir='ltr'><em>Tunc</em></span> <span class='ocrx_word' id='word_1_48' title='bbox 322 917 484 1004; x_wconf 76' lang='lat' dir='ltr'><em>habuit:</em></span> <span class='ocrx_word' id='word_1_49' title='bbox 503 948 580 1000; x_wconf 85' lang='lat' dir='ltr'><em>nec</em></span> <span class='ocrx_word' id='word_1_50' title='bbox 599 946 701 1030; x_wconf 75' lang='lat' dir='ltr'><em>prins</em></span> <span class='ocrx_word' id='word_1_51' title='bbox 723 917 840 999; x_wconf 87' lang='lat' dir='ltr'><em>caelo</em></span> <span class='ocrx_word' id='word_1_52' title='bbox 859 915 1086 997; x_wconf 77' lang='lat' dir='ltr'><em>demitteret</em></span> <span class='ocrx_word' id='word_1_53' title='bbox 1104 916 1265 996; x_wconf 78' lang='lat' dir='ltr'><em>imbres.</em></span> <span class='ocrx_word' id='word_1_54' title='bbox 1308 912 1382 996; x_wconf 71' lang='grc' dir='ltr'><em>διο</em></span> 
     </span>
     <span class='ocr_line' id='line_1_9' title="bbox 181 1027 1173 1138; baseline -0.004 -26"><span class='ocrx_word' id='word_1_55' title='bbox 181 1027 371 1122; x_wconf 81' lang='lat' dir='ltr'><em>Intonat,</em></span> <span class='ocrx_word' id='word_1_56' title='bbox 390 1047 429 1110; x_wconf 90' lang='lat' dir='ltr'><em>et</em></span> <span class='ocrx_word' id='word_1_57' title='bbox 447 1028 601 1112; x_wconf 78' lang='lat' dir='ltr'><em>dextra&#39;</em></span> <span class='ocrx_word' id='word_1_58' title='bbox 619 1031 811 1110; x_wconf 87' lang='lat' dir='ltr'><em>libratum</em></span> <span class='ocrx_word' id='word_1_59' title='bbox 820 1030 986 1138; x_wconf 85' lang='lat' dir='ltr'><em>fulmen</em></span> <span class='ocrx_word' id='word_1_60' title='bbox 1003 1029 1056 1108; x_wconf 84' lang='lat' dir='ltr'><em>ab</em></span> <span class='ocrx_word' id='word_1_61' title='bbox 1075 1058 1173 1108; x_wconf 87' lang='lat' dir='ltr'><em>aure</em></span> 
     </span>
    </p>

    <p class='ocr_par' dir='ltr' id='par_1_4' title="bbox 181 1140 1381 1592">
     <span class='ocr_line' id='line_1_10' title="bbox 181 1140 1308 1255; baseline -0.005 -31"><span class='ocrx_word' id='word_1_62' title='bbox 181 1140 308 1224; x_wconf 86' lang='lat' dir='ltr'><em>Misit</em></span> <span class='ocrx_word' id='word_1_63' title='bbox 326 1142 371 1221; x_wconf 89' lang='lat' dir='ltr'><em>in</em></span> <span class='ocrx_word' id='word_1_64' title='bbox 389 1145 582 1254; x_wconf 79' lang='lat' dir='ltr'><em>aurigam</em></span> <span class='ocrx_word' id='word_1_65' title='bbox 588 1183 599 1239; x_wconf 90' lang='lat'><em>,·</em></span> <span class='ocrx_word' id='word_1_66' title='bbox 612 1145 850 1255; x_wconf 80' lang='lat' dir='ltr'><em>pariterque</em></span> <span class='ocrx_word' id='word_1_67' title='bbox 867 1143 1107 1251; x_wconf 72' lang='lat' dir='ltr'><em>animaque,</em></span> <span class='ocrx_word' id='word_1_68' title='bbox 1127 1140 1308 1249; x_wconf 80' lang='lat' dir='ltr'><em>rotisque</em></span> 
     </span>
     <span class='ocr_line' id='line_1_11' title="bbox 181 1251 1154 1383; baseline -0.003 -46"><span class='ocrx_word' id='word_1_69' title='bbox 181 1251 341 1346; x_wconf 77' lang='lat' dir='ltr'><em>Exuit,</em></span> <span class='ocrx_word' id='word_1_70' title='bbox 360 1271 398 1333; x_wconf 92' lang='lat' dir='ltr'><em>et</em></span> <span class='ocrx_word' id='word_1_71' title='bbox 416 1256 550 1337; x_wconf 82' lang='lat' dir='ltr'><em>saeuis</em></span> <span class='ocrx_word' id='word_1_72' title='bbox 569 1256 819 1362; x_wconf 81' lang='lat' dir='ltr'><em>compescuit</em></span> <span class='ocrx_word' id='word_1_73' title='bbox 836 1255 1003 1383; x_wconf 68' lang='lat' dir='ltr'><em>ignibus</em></span> <span class='ocrx_word' id='word_1_74' title='bbox 1022 1255 1154 1364; x_wconf 54' lang='lat' dir='ltr'><em>egnes.</em></span> 
     </span>
     <span class='ocr_line' id='line_1_12' title="bbox 185 1360 1381 1480; baseline 0.002 -34"><span class='ocrx_word' id='word_1_75' title='bbox 185 1362 515 1447; x_wconf 70' lang='lat' dir='ltr'><em>Consternantur</em></span> <span class='ocrx_word' id='word_1_76' title='bbox 528 1369 626 1480; x_wconf 82' lang='lat' dir='ltr'><em>equi</em></span> <span class='ocrx_word' id='word_1_77' title='bbox 636 1427 648 1459; x_wconf 99' lang='lat'><em>,</em></span> <span class='ocrx_word' id='word_1_78' title='bbox 667 1384 706 1447; x_wconf 85' lang='lat' dir='ltr'><em>et</em></span> <span class='ocrx_word' id='word_1_79' title='bbox 723 1367 833 1449; x_wconf 88' lang='lat' dir='ltr'><em>saltu</em></span> <span class='ocrx_word' id='word_1_80' title='bbox 851 1396 896 1446; x_wconf 84' lang='lat' dir='ltr'><em>tn</em></span> <span class='ocrx_word' id='word_1_81' title='bbox 915 1365 1129 1448; x_wconf 88' lang='lat' dir='ltr'><em>contraria</em></span> <span class='ocrx_word' id='word_1_82' title='bbox 1137 1365 1266 1472; x_wconf 87' lang='lat' dir='ltr'><em>facto</em></span> <span class='ocrx_word' id='word_1_83' title='bbox 1305 1360 1381 1468; x_wconf 73' lang='grc'><em>514</em></span> 
     </span>
     <span class='ocr_line' id='line_1_13' title="bbox 185 1475 1329 1592; baseline -0.001 -32"><span class='ocrx_word' id='word_1_84' title='bbox 185 1475 304 1560; x_wconf 82' lang='lat' dir='ltr'><em>Cotta</em></span> <span class='ocrx_word' id='word_1_85' title='bbox 312 1477 424 1592; x_wconf 74' lang='lat' dir='ltr'><em>jugo</em></span> <span class='ocrx_word' id='word_1_86' title='bbox 441 1482 683 1568; x_wconf 79' lang='lat' dir='ltr'><em>excutiunt,</em></span> <span class='ocrx_word' id='word_1_87' title='bbox 702 1481 955 1591; x_wconf 76' lang='lat' dir='ltr'><em>abruptaque</em></span> <span class='ocrx_word' id='word_1_88' title='bbox 974 1479 1064 1561; x_wconf 88' lang='lat' dir='ltr'><em>lora</em></span> <span class='ocrx_word' id='word_1_89' title='bbox 1081 1477 1329 1587; x_wconf 72' lang='lat' dir='ltr'><em>relinquunt.</em></span> 
     </span>
    </p>

    <p class='ocr_par' dir='ltr' id='par_1_5' title="bbox 62 1588 1125 1704">
     <span class='ocr_line' id='line_1_14' title="bbox 62 1588 1125 1704; baseline 0.007 -41"><span class='ocrx_word' id='word_1_90' title='bbox 62 1659 64 1663; x_wconf 85' lang='lat'>.</span> <span class='ocrx_word' id='word_1_91' title='bbox 181 1588 281 1671; x_wconf 88' lang='lat' dir='ltr'><em>Illic</em></span> <span class='ocrx_word' id='word_1_92' title='bbox 289 1591 447 1697; x_wconf 83' lang='lat' dir='ltr'><em>fraena</em></span> <span class='ocrx_word' id='word_1_93' title='bbox 455 1591 628 1704; x_wconf 72' lang='lat' dir='ltr'><em>jacent,</em></span> <span class='ocrx_word' id='word_1_94' title='bbox 648 1592 738 1675; x_wconf 88' lang='lat' dir='ltr'><em>illic</em></span> <span class='ocrx_word' id='word_1_95' title='bbox 757 1609 914 1674; x_wconf 88' lang='lat' dir='ltr'><em>temone</em></span> <span class='ocrx_word' id='word_1_96' title='bbox 932 1591 1125 1672; x_wconf 82' lang='lat' dir='ltr'><em>revulsus</em></span> 
     </span>
    </p>

    <p class='ocr_par' dir='ltr' id='par_1_6' title="bbox 159 1702 1326 1929">
     <span class='ocr_line' id='line_1_15' title="bbox 159 1702 1326 1812; baseline 0 -30"><span class='ocrx_word' id='word_1_97' title='bbox 159 1727 163 1730; x_wconf 72' lang='grc'><strong>’</strong></span> <span class='ocrx_word' id='word_1_98' title='bbox 181 1702 327 1789; x_wconf 79' lang='lat' dir='ltr'><em>Axis:</em></span> <span class='ocrx_word' id='word_1_99' title='bbox 344 1703 390 1783; x_wconf 90' lang='lat' dir='ltr'><em>in</em></span> <span class='ocrx_word' id='word_1_100' title='bbox 408 1703 489 1786; x_wconf 80' lang='lat' dir='ltr'><em>hac</em></span> <span class='ocrx_word' id='word_1_101' title='bbox 505 1703 865 1811; x_wconf 78' lang='lat' dir='ltr'><em>radiifractarunt</em></span> <span class='ocrx_word' id='word_1_102' title='bbox 879 1720 1000 1812; x_wconf 86' lang='lat' dir='ltr'><em>parte</em></span> <span class='ocrx_word' id='word_1_103' title='bbox 1018 1719 1221 1799; x_wconf 86' lang='lat' dir='ltr'><em>rotarum;</em></span> <span class='ocrx_word' id='word_1_104' title='bbox 1319 1763 1326 1782; x_wconf 83' lang='lat'>.</span> 
     </span>
     <span class='ocr_line' id='line_1_16' title="bbox 181 1811 1151 1929; baseline 0 -35"><span class='ocrx_word' id='word_1_105' title='bbox 181 1811 416 1924; x_wconf 76' lang='lat' dir='ltr'><em>Sparsaque</em></span> <span class='ocrx_word' id='word_1_106' title='bbox 432 1833 529 1896; x_wconf 89' lang='lat' dir='ltr'><em>sunt</em></span> <span class='ocrx_word' id='word_1_107' title='bbox 546 1817 630 1900; x_wconf 71' lang='lat' dir='ltr'><em>late</em></span> <span class='ocrx_word' id='word_1_108' title='bbox 649 1819 781 1900; x_wconf 84' lang='lat' dir='ltr'><em>laceri</em></span> <span class='ocrx_word' id='word_1_109' title='bbox 797 1817 971 1929; x_wconf 72' lang='lat' dir='ltr'><em>uestigia</em></span> <span class='ocrx_word' id='word_1_110' title='bbox 990 1842 1151 1897; x_wconf 87' lang='lat' dir='ltr'><em>currus.</em></span> 
     </span>
    </p>

    <p class='ocr_par' dir='ltr' id='par_1_7' title="bbox 182 1922 1301 2043">
     <span class='ocr_line' id='line_1_17' title="bbox 182 1922 1301 2043; baseline 0.001 -37"><span class='ocrx_word' id='word_1_111' title='bbox 182 1926 244 2006; x_wconf 85' lang='lat' dir='ltr'><em>At</em></span> <span class='ocrx_word' id='word_1_112' title='bbox 262 1925 498 2021; x_wconf 79' lang='lat' dir='ltr'><em>Phaethon,</em></span> <span class='ocrx_word' id='word_1_113' title='bbox 516 1930 663 2013; x_wconf 87' lang='lat' dir='ltr'><em>rutilos</em></span> <span class='ocrx_word' id='word_1_114' title='bbox 666 1930 851 2043; x_wconf 72' lang='lat' dir='ltr'><em>flamma&#39;</em></span> <span class='ocrx_word' id='word_1_115' title='bbox 862 1929 1089 2039; x_wconf 81' lang='lat' dir='ltr'><em>populante</em></span> <span class='ocrx_word' id='word_1_116' title='bbox 1106 1922 1301 2035; x_wconf 83' lang='lat' dir='ltr'><em>capillos,</em></span> 
     </span>
    </p>
   </div>
   <div class='ocr_carea' id='block_1_3' title="bbox 156 4006 1392 4281">
    <p class='ocr_par' dir='ltr' id='par_1_8' title="bbox 156 4006 1392 4281">
     <span class='ocr_line' id='line_1_18' title="bbox 222 4006 1392 4106; baseline 0.006 -41"><span class='ocrx_word' id='word_1_117' title='bbox 222 4015 284 4068; x_wconf 80' lang='lat'>313.</span> <span class='ocrx_word' id='word_1_118' title='bbox 306 4013 485 4089; x_wconf 75' lang='lat' dir='ltr'><em>compescuit</em></span> <span class='ocrx_word' id='word_1_119' title='bbox 497 4017 613 4096; x_wconf 78' lang='lat' dir='ltr'><em>ignibus</em></span> <span class='ocrx_word' id='word_1_120' title='bbox 632 4020 720 4100; x_wconf 79' lang='lat' dir='ltr'><em>ignes.</em></span> <span class='ocrx_word' id='word_1_121' title='bbox 740 4006 920 4106; x_wconf 60' lang='grc' dir='ltr'><strong>Ο’ξὺμωρον.</strong></span> <span class='ocrx_word' id='word_1_122' title='bbox 940 4023 1020 4095; x_wconf 78' lang='lat' dir='ltr'><em>Ignis</em></span> <span class='ocrx_word' id='word_1_123' title='bbox 1041 4024 1112 4077; x_wconf 84' lang='lat' dir='ltr'><em>enim</em></span> <span class='ocrx_word' id='word_1_124' title='bbox 1125 4024 1331 4096; x_wconf 78' lang='lat' dir='ltr'><em>potiusauget:</em></span> <span class='ocrx_word' id='word_1_125' title='bbox 1351 4036 1392 4074; x_wconf 79' lang='lat' dir='ltr'><em>ve·</em></span> 
     </span>
     <span class='ocr_line' id='line_1_19' title="bbox 160 4102 1390 4188; baseline 0.007 -31"><span class='ocrx_word' id='word_1_126' title='bbox 160 4120 224 4157; x_wconf 79' lang='lat' dir='ltr'><em>rum</em></span> <span class='ocrx_word' id='word_1_127' title='bbox 235 4102 360 4175; x_wconf 75' lang='lat' dir='ltr'><em>flamma</em></span> <span class='ocrx_word' id='word_1_128' title='bbox 383 4102 537 4175; x_wconf 82' lang='lat' dir='ltr'><em>valentior,</em></span> <span class='ocrx_word' id='word_1_129' title='bbox 559 4112 655 4168; x_wconf 85' lang='lat' dir='ltr'><em>minus</em></span> <span class='ocrx_word' id='word_1_130' title='bbox 672 4114 811 4168; x_wconf 75' lang='lat' dir='ltr'><em>valentem</em></span> <span class='ocrx_word' id='word_1_131' title='bbox 832 4118 1079 4187; x_wconf 72' lang='lat' dir='ltr'><em>oppressit551&#39;cnt</em></span> <span class='ocrx_word' id='word_1_132' title='bbox 1100 4114 1257 4188; x_wconf 77' lang='lat' dir='ltr'><em>infirmiora</em></span> <span class='ocrx_word' id='word_1_133' title='bbox 1278 4133 1296 4169; x_wconf 84' lang='lat' dir='ltr'><em>a</em></span> <span class='ocrx_word' id='word_1_134' title='bbox 1315 4113 1390 4168; x_wconf 77' lang='lat' dir='ltr'><em>ratu·</em></span> 
     </span>
     <span class='ocr_line' id='line_1_20' title="bbox 156 4195 951 4281; baseline 0.011 -28"><span class='ocrx_word' id='word_1_135' title='bbox 156 4195 290 4253; x_wconf 81' lang='lat' dir='ltr'><em>stioribus</em></span> <span class='ocrx_word' id='word_1_136' title='bbox 310 4198 338 4252; x_wconf 88' lang='lat' dir='ltr'><em>in</em></span> <span class='ocrx_word' id='word_1_137' title='bbox 359 4205 466 4255; x_wconf 86' lang='lat' dir='ltr'><em>natura</em></span> <span class='ocrx_word' id='word_1_138' title='bbox 487 4202 662 4274; x_wconf 74' lang='lat' dir='ltr'><em>subiguntur</em></span> <span class='ocrx_word' id='word_1_139' title='bbox 680 4208 709 4259; x_wconf 87' lang='lat' dir='ltr'><em>in</em></span> <span class='ocrx_word' id='word_1_140' title='bbox 729 4207 827 4262; x_wconf 80' lang='lat' dir='ltr'><em>eodem</em></span> <span class='ocrx_word' id='word_1_141' title='bbox 841 4225 951 4281; x_wconf 69' lang='lat' dir='ltr'><em>genere.</em></span> 
     </span>
    </p>
   </div>
   <div class='ocr_carea' id='block_1_4' title="bbox 0 0 1508 5160">
    <p class='ocr_par' dir='ltr' id='par_1_9' title="bbox 0 0 1508 5160">
     <span class='ocr_line' id='line_1_21' title="bbox 0 0 1508 5160; baseline 0 2"><span class='ocrx_word' id='word_1_142' title='bbox 0 0 1508 5160; x_wconf 95' lang='lat' dir='ltr'><em> </em></span> 
     </span>
    </p>
   </div>
  </div>
 </body>
</html>
