3008 5160
337 272 392 358 26
663 299 697 356 r.
726 299 853 358 ovum
879 292 1050 355 ussoms

247 414 331 499 Est
350 418 416 500 oia
434 416 638 509 sublimis,
658 414 776 497 caelo
792 413 1018 522 manifesta
1035 440 1205 507 sereno,

246 529 405 611 lactea
424 557 569 612 nomen
587 529 731 620 babet,
747 523 931 611 candore
949 526 1146 609 notabib's
1165 526 1269 633 ipso.
1458 612 1463 617 ,

247 642 343 723 Hac
360 644 439 723 iter
454 657 516 723 est
534 641 702 751 Superis
720 638 783 722 ad
797 639 946 752 magni
961 654 1070 722 tecta
1091 636 1316 742 Tonantis,
1383 663 1467 748 ¹7⁰=

245 754 519 868 Regalemque
535 751 719 840 domum:
735 749 912 844 dextra,
930 751 1127 863 laevaque
1144 749 1336 832 Deorum

246 867 375 947 Atria
393 867 590 949 nobilium
608 865 736 950 valvis
754 864 1015 947 celebrantur
1028 865 1205 976 apertis:

247 976 372 1061 Plebs
390 980 549 1061 babitat
567 975 730 1061 diversa
748 977 874 1063 locis:
891 1008 920 1057 a
927 977 1073 1086 fronte
1084 992 1274 1088 potentes

251 1085 502 1184 Caelicolae,
520 1092 708 1202 clarique
725 1118 823 1172 suos
835 1117 1011 1199 posuere
1022 1108 1209 1200 penates.

247 1202 333 1283 Hic
351 1204 469 1286 locus
487 1221 569 1296 est,
588 1232 725 1311 quem,
745 1204 786 1283 si
801 1203 931 1285 verbis
947 1201 1133 1285 audacia
1152 1201 1289 1294 detur,
1384 1197 1455 1311 175

247 1314 381 1397 Haud
395 1317 560 1396 timeam
577 1316 726 1427 magni
740 1312 907 1399 diluisse
919 1316 1086 1424 palatia
1105 1317 1223 1400 coeli.

246 1425 315 1508 Er
344 1457 369 1510 o
387 1429 459 1509 nbi
473 1455 701 1510 marmoreo
720 1427 869 1537 Superi
883 1426 1025 1510 sedere
1042 1458 1230 1526 recessu,

250 1456 411 1622 Cubior-
425 1542 513 1650 ipse
531 1540 643 1633 loco,
660 1554 901 1653 sceptroque
918 1542 1098 1622 innixus
1115 1543 1287 1632 eburno,

248 1649 498 1761 Terrificam
515 1652 667 1762 capitis
685 1654 898 1735 concussit
915 1669 1074 1766 terque,
1094 1671 1318 1765 quaternae
1429 1742 1431 1746 ³

249 1760 495 1858 Gaesariem,
514 1795 610 1848 cum
626 1767 711 1876 qud
728 1780 891 1856 terram,
908 1795 1034 1873 mare,
1053 1764 1194 1848 sidera
1211 1765 1350 1849 movit.
1377 1760 1452 1847 180

249 1874 421 1959 Talibus
439 1876 539 1960 inde
553 1875 693 1969 modis
712 1905 786 1959 ora
804 1876 1077 1990 indignantia
1095 1878 1235 1964 solvit:

246 1985 346 2069 Non
363 2017 441 2102 ego
453 2019 533 2100 pro
550 1986 699 2071 mundi
713 2020 841 2102 regno
859 1992 998 2103 magis
1015 1992 1175 2073 anxius
1193 1991 1271 2071 illa⁴

248 2099 503 2210 Tempestate
511 2102 604 2210 sui,
624 2103 709 2213 quei
726 2120 889 2185 centum
908 2105 1080 2216 ortisque
1092 2106 1272 2212 parabat

247 2211 298 2291 In
312 2211 424 2293 'icere
441 2211 724 2327 anguipedum
742 2215 904 2323 captivo
921 2215 1094 2299 brucbia
1111 2218 1242 2299 caelo.

292 2354 360 2404 am
379 2354 628 2437 quamquam
635 2325 760 2434 ferus
777 2327 908 2409 bostis
925 2346 1026 2420 erut,
1038 2344 1175 2434 tamen
1186 2325 1299 2409 illnd
1306 2331 1362 2409 ab
1377 2357 1458 2409 uno

249 2432 445 2544 Corpore,
463 2455 503 2517 et
520 2468 578 2518 eu
597 2440 682 2520 una⁴
694 2437 902 2549 pendebat
921 2441 1083 2553 origine
1100 2441 1267 2525 bellum.-
1383 2437 1457 2524 186
1491 2439 1494 2497 T

207 2564 212 2573 '
248 2547 377 2634 Nunc
393 2550 513 2644 mibi,
533 2552 616 2665 qzui
634 2567 763 2636 toturn
781 2551 942 2635 Nereus
960 2554 1240 2637 circumsonat
1260 2556 1419 2648 orbem,

323 3573 385 3641 178.
395 3563 503 3625 Celsior
522 3566 580 3645 ipse
600 3565 673 3624 loco.
692 3566 846 3622 Sublimior
864 3568 1007 3635 caeteris,
1030 3576 1061 3623 ut
1080 3585 1161 3644 reges
1179 3566 1278 3625 sedere
1297 3571 1402 3637 solent;
1413 3589 1470 3647 quo

247 3657 373 3732 saciiius
391 3659 583 3734 conspiciatur
601 3657 796 3733 audieturque
806 3659 843 3713 ab
856 3657 993 3713 omnibus.
1011 3656 1128 3734 Sceptro
1148 3658 1265 3716 eburno.
1279 3665 1404 3737 Sceptra
1417 3681 1457 3715 oe·

256 3761 345 3806 terum
365 3768 463 3825 regum
481 3757 564 3806 erant
583 3748 716 3816 bestilia,
736 3751 834 3804 aureis
852 3750 980 3805 aureisve
1005 3747 1088 3804 bullis
1107 3759 1235 3815 ornata,
1262 3751 1278 3803 e*
1303 3752 1386 3826 ligno
1405 3757 1456 3804 aut

255 3843 346 3898 ebore.
1005 3853 1008 3858 '

323 3935 456 4006 183.Qua
477 3945 590 3991 centum
610 3933 725 3991 brachia
746 3951 787 3992 ec.
810 3936 928 3988 Centum
948 3951 1058 3989 manus.
1082 3932 1164 3989 Unde
1182 3942 1210 3988 et
1228 3937 1367 4010 gigantes
1389 3937 1458 3992 Cen·

257 4026 355 4083 timani
381 4027 401 4080 ὰ
426 4035 536 4082 centum
560 4028 690 4083 manibus
708 4036 856 4083 uocantur.
877 4025 1015 4081 Alludere
1041 4034 1137 4081 autem
1163 4029 1258 4081 Poi'ta
1282 4028 1398 4084 videtur
1422 4026 1461 4081 ab

257 4120 407 4173 Briareum
431 4119 576 4193 gigantem
601 4127 629 4172 et
650 4121 763 4173 Cottum
781 4127 810 4173 et
836 4119 937 4193 Gygen
962 4116 1039 4172 illius
1054 4115 1192 4190 fratres,
1218 4137 1289 4194 quos
1316 4118 1460 4175 Hesiodus

255 4209 284 4262 in
306 4205 471 4281 Theogonia
490 4206 618 4282 singulos
637 4215 750 4262 centum
770 4226 871 4262 manus
892 4205 1023 4261 babuisse
1042 4210 1094 4260 ait.

323 4297 719 4367 187.1tereuscircumsonu.
739 4304 817 4356 Deus
837 4307 879 4354 est
899 4302 1042 4365 marinus,
1062 4297 1112 4352 secl
1124 4317 1177 4372 pro
1194 4303 1309 4356 Oceano
1334 4303 1459 4376 ponitur,

254 4391 302 4466 qui
321 4390 480 4450 nniversam
499 4391 599 4446 circuit
619 4399 725 4448 utram
734 4432 743 4459 ,
763 4411 822 4467 qua
840 4389 917 4447 orbis
936 4398 1035 4445 terrae
1052 4397 1143 4462 patet.
