3008 5160
316 225 388 310 192
494 238 500 266 ι
641 220 676 277 P.
704 221 830 281 ovmn
857 221 1018 282 sssosss

236 339 437 450 Cynthia:
456 335 586 448 deque
604 366 680 421 sao
688 339 820 451 jussit
839 338 1027 420 secedere
1045 356 1174 421 caetu.
1357 337 1436 446 465

231 457 425 537 Senserat
443 451 522 532 lsoc
540 452 638 532 olim
656 453 805 563 magni
820 469 1009 534 matrona
1029 451 1072 534 T
1067 453 1232 539 ouantis
1241 493 1252 534 .-

230 566 546 674 Distuleratqae
561 592 709 676 graves
728 566 773 644 in
791 563 943 647 idonea
961 580 1143 672 tempora
1156 591 1344 672 poenas:

238 678 399 761 Caussa
416 705 554 758 tactae
572 676 690 757 nulla
707 694 789 762 est:
806 693 845 756 et
853 677 948 788 jam
961 705 1068 784 puer
1082 674 1224 757 Arcas
1237 673 1435 785 (idipsum

233 788 420 873 Indoluit
439 784 576 898 Juno)
585 789 731 897 fuerat
748 787 800 868 de
813 789 964 898 pellice
983 807 1119 870 natas.

237 901 331 1011 Quo
349 901 478 983 simul
491 903 659 984 obvertit
676 929 840 983 saevam
859 930 952 981 cam
970 902 1122 982 lumine
1141 917 1339 997 mentem,·
1358 909 1432 1009 470

233 1013 405 1095 Scilicet
424 1013 502 1095 leac
522 1043 647 1094 unum
664 1015 862 1106 restabat,
880 1011 1090 1106 adultera,
1108 1010 1245 1103 dixit,

239 1124 296 1206 Ut
306 1123 524 1235 foecunda
532 1123 883 1235 fores:fietetqae
901 1127 945 1205 in
960 1126 1058 1206 ‘aria
1071 1140 1198 1232 parta

235 1235 373 1321 Nota.-
391 1237 586 1348 Iovisque
604 1239 687 1317 mei
703 1252 895 1318 testatam
939 1235 1095 1320 edecus
1112 1252 1230 1316 esset.

236 1347 370 1430 Haud
384 1350 548 1458 impune
555 1350 688 1457 fetes:
706 1346 891 1429 adimam
908 1349 986 1429 tibi
1000 1345 1364 1459 nerapefiguram5

190 1463 192 1467 ‘
238 1459 336 1570 Qaa‘
353 1461 444 1566 tibi,
466 1465 627 1572 quelque
639 1460 783 1569 places
802 1477 962 1552 nostra,
981 1460 1242 1568 importuna,
1260 1460 1416 1542 manto.

233 1570 387 1657 Dixit:
405 1588 463 1665 et,
482 1569 658 1654 adverset
669 1574 835 1681 prensis
852 1603 880 1652 a
888 1573 1035 1680 fronte
1053 1570 1247 1680 capillis,
1359 1569 1432 1681 476

235 1680 387 1766 Stravit
406 1683 521 1764 lltcmi
530 1712 718 1793 pronam,
739 1681 949 1767 Tendebat
967 1683 1139 1767 brachia
1157 1683 1357 1794 supplex:

276 4041 341 4110 465.
361 4035 493 4113 Cynthia.
514 4039 627 4105 Diana,
647 4061 667 4096 a
689 4039 799 4115 Cyntho
818 4041 885 4098 Deli
905 4049 1020 4109 monte,
1039 4041 1086 4098 ubi
1105 4050 1186 4097 nata.

273 4134 337 4200 466.
358 4128 489 4184 Senserat
508 4124 562 4184 hoe
582 4128 649 4186 olim
668 4151 710 4187 ec.
729 4135 798 4188 lam
815 4131 926 4206 pridem
946 4131 983 4188 de
1001 4132 1053 4187 hoc
1062 4131 1152 4205 furto
1172 4128 1251 4188 lovis
1275 4141 1438 4209 cognoverat

219 4223 311 4276 Iano:
332 4220 384 4276 sed
404 4220 538 4274 altionem
559 4223 587 4274 in
609 4231 718 4296 tempus
737 4222 821 4278 aliud
843 4224 992 4299 rejecerat.

276 4315 338 4382 469.
360 4311 401 4364 De
423 4304 530 4385 pellice.
552 4313 597 4366 De
617 4311 783 4370 Callistone.
