3008 5160
219 200 274 288 56
542 226 580 289 a.
607 222 933 289 annuissetis
1004 226 1007 231 ·

136 346 240 432 Tela
257 364 514 458 reponuntur
527 348 719 429 manibus
728 346 948 457 fabricata
970 340 1212 456 Cyelopum

134 460 279 543 Poena
292 463 437 571 placet
452 460 634 558 dirersa;
649 484 785 591 penus
801 456 976 541 mortale
993 460 1069 539 sub
1087 454 1215 539 undis
1268 450 1353 537 260

135 572 335 668 Perdere,
353 592 394 658 et
410 603 469 655 aas
488 574 604 656 omni
618 575 780 655 nimbos
795 568 1007 653 demittere
1024 570 1155 653 caelo.

133 686 332 770 Protinus
349 687 514 770 Aeoliis
530 685 785 799 Aquilonem
801 682 964 766 elmedit
982 685 1027 765 in
1044 682 1193 782 antris,

134 798 198 883 Et
217 830 497 913 quaecumque
504 798 668 911 fugant
686 796 886 879 inductas
889 796 1079 911 flamina
1097 796 1248 879 nubes.-
1274 832 1277 837 ·

135 910 385 1024 Emittitque
403 915 580 997 Notum.-
597 908 785 994 madidis
800 908 940 992 Notus
957 910 1092 992 avolat
1109 909 1212 1000 alis,

136 1024 377 1108 Terribilem
390 1026 516 1134 picea⁴
533 1040 665 1107 tectus
684 1022 869 1135 caligine
887 1022 1054 1106 arcitum.
1272 1013 1353 1100 265

135 1138 274 1220 Barba
289 1138 432 1252 gravis
450 1138 621 1229 nimbis,
639 1134 761 1219 cartis
764 1133 875 1248 fluit
892 1132 1008 1217 unda
1028 1132 1215 1242 capillis:

136 1250 292 1334 Fronte
309 1248 452 1331 sedent
471 1250 664 1335 nebulae:
682 1264 826 1329 rorant
837 1276 1097 1360 pennaeque,
1116 1246 1326 1355 sinusque.

140 1363 277 1476 thue
294 1392 424 1442 manu
442 1363 527 1443 late
541 1358 769 1473 pendentia
787 1360 931 1442 nubila
945 1359 1117 1470 pressit,

136 1473 209 1557 Fit
217 1478 392 1590 fragor,
410 1491 451 1557 et
467 1470 845 1583 densifitndunrur
859 1474 913 1555 ab
929 1472 1093 1555 aethere
1110 1470 1254 1553 nimbi.

189 3513 255 3565 260.
264 3508 362 3566 Genus
374 3506 501 3565 mortale.
514 3511 561 3567 An
569 3527 626 3567 nan
630 3509 699 3585 jure
705 3528 814 3567 summa
819 3527 865 3568 res
870 3528 941 3569 suas
946 3514 1097 3587 repetitum
1105 3514 1217 3568 uniant
1223 3512 1275 3569 SS.
1286 3509 1338 3567 Pas

141 3610 215 3669 tres,
225 3604 356 3658 lustinus
368 3604 487 3679 Martyr
501 3625 511 3657 ι
536 3604 613 3679 apel.
625 3606 812 3659 Lactanetius
833 3604 908 3659 alib.
928 3604 966 3659 da
984 3605 1096 3680 origine
1110 3608 1216 3661 erroris
1237 3614 1266 3661 et
1283 3604 1341 3668 aliis

143 3696 301 3770 meritoque
319 3704 447 3769 arguant
467 3696 602 3752 Etlsnieas
612 3694 696 3770 furti
706 3690 791 3752 simul
802 3705 832 3751 et
843 3694 1002 3751 adulterii?
1014 3694 1080 3769 Qui,
1095 3706 1126 3753 ut
1137 3698 1181 3752 ait
1196 3696 1341 3754 Tertullia-

140 3804 195 3842 nus
214 3786 400 3863 Apolagetica
419 3797 518 3843 contra
538 3793 636 3863 gentes
654 3808 678 3844 e.
701 3793 735 3860 47
756 3800 882 3845 nostram
896 3785 970 3844 hauc
984 3801 1141 3867 paraturam
1154 3788 1211 3847 suis
1222 3784 1350 3867 opinioni·

141 3874 196 3931 has
208 3876 244 3930 ad
263 3873 373 3931 fabulas
386 3887 413 3931 et
427 3875 631 3955 philosophicas
642 3876 796 3935 sententias
808 3874 1053 3947 adulteraverunt,
1064 3886 1093 3935 et
1105 3876 1140 3935 de
1154 3879 1263 3937 ausvis
1277 3876 1341 3935 obti-

141 3983 213 4041 quos
234 3962 338 4021 multos
358 3963 483 4023 tramites
502 3979 529 4023 et
549 3965 758 4025 inextricabiles
776 3967 929 4028 sciderunt.
949 3972 1141 4047 Quaecunque
1165 3972 1237 4025 enim
1250 3965 1343 4043 saulo

142 4056 298 4113 audierant
317 4057 355 4113 de
374 4059 529 4114 universali
547 4059 598 4115 illa
615 4059 724 4118 diluvia
748 4062 893 4129 Noe‘tico,
918 4066 953 4119 A.
982 4061 1089 4117 Mundi
1117 4066 1189 4119 1656
1212 4061 1340 4137 deserunt

143 4148 186 4205 ad
204 4149 343 4205 diluvium
363 4148 513 4225 singulare
530 4151 608 4227 quad
632 4156 751 4231 contigit
777 4157 806 4210 in
833 4154 985 4211 Thessalia
1010 4156 1046 4211 A.
1073 4154 1179 4210 Mundi
1206 4158 1275 4226 1437
1300 4168 1339 4206 re·

142 4251 254 4318 quante
273 4242 312 4299 ibi
331 4242 518 4309 Deucalione,
537 4245 595 4319 qui,
607 4254 638 4300 ut
651 4244 736 4302 babet
746 4246 891 4305 Arrianus
904 4266 932 4303 a.
950 4245 998 4303 lib.
1014 4266 1109 4305 rerum
1121 4246 1341 4321 Bithynicam,

155 4334 185 4387 in
204 4331 298 4391 editos
316 4340 424 4390 montes
443 4351 507 4389 eum
524 4335 585 4391 suis
602 4332 746 4412 conjugis.
