3008 5160
223 239 301 350 154
542 265 577 322 r.
606 263 733 323 onon
758 260 925 323 ausonis
1011 267 1017 277 ·

134 381 351 496 Sanguine
369 399 454 464 tum
473 377 648 463 credunt
665 382 709 461 in
729 408 904 488 corpora
923 406 1082 460 summa
1100 391 1258 460 uocato

134 477 376 607 AEthiopum
389 495 566 605 populos
583 493 751 607 nigriun
769 494 954 574 traxisse
972 488 1161 573 colorem.
1265 481 1345 570 236

137 606 181 688 T
176 640 244 689 um
252 611 380 719 facta
399 625 459 690 est
478 607 631 717 Libye,
648 609 780 714 raptis
798 604 1034 687 humoribus
1051 619 1188 696 aestu,

136 721 299 809 Arida.-
318 736 403 803 tum
422 719 645 831 Nymphae
656 721 799 828 passis
806 719 1053 830 fontesque,
1072 716 1292 826 lacusque,

136 833 349 950 Dissevere
367 834 520 920 comis.-
538 832 698 944 quaerit
715 833 889 915 Boeotia
906 831 1104 922 Dircen*,

136 949 282 1061 Argos
300 947 585 1058 Amymonen,
602 943 778 1057 Ephyre
795 941 1020 1026 Pirem'das
1038 938 1214 1024 undas*.
1264 949 1344 1047 240

137 1057 230 1142 Nec
248 1061 396 1142 sortita
414 1060 507 1142 loco
524 1056 729 1139 distantes
732 1057 922 1173 flumina
939 1056 1056 1165 ripas

139 1171 249 1253 Tuta
267 1189 454 1258 manent:
471 1168 620 1252 mediis
640 1169 801 1254 lanais
808 1169 992 1277 firmavit
1009 1170 1055 1249 iu
1073 1162 1219 1258 undis,

136 1284 380 1397 Peneusque
397 1313 549 1375 senex,
569 1282 948 1392 Teuthranteusque
970 1280 1181 1389 Caycus*,

136 1395 199 1479 Et
217 1397 328 1480 celer
342 1398 551 1488 Ismenos,
570 1424 665 1477 cum
683 1395 898 1480 Phocaico
917 1390 1230 1504 Erymantho*,

136 1509 404 1622 Arsurusque
421 1511 568 1590 iterum
585 1509 796 1602 Xanthus,
799 1507 1026 1622 flavusque
1045 1505 1320 1614 Lyconaas*,

141 1620 305 1735 Quique
322 1623 549 1705 recurratis
566 1619 675 1703 ludit
692 1618 956 1704 Maeandros
973 1623 1019 1703 in
1038 1615 1179 1711 undis,
1267 1612 1345 1724 246

137 1732 486 1848 Mygdoniusque
503 1734 665 1828 Melas,
683 1750 723 1815 et
743 1733 977 1817 Taenarius
995 1731 1198 1814 Eurotas.

138 1848 261 1929 Arsit
279 1864 318 1927 et
336 1846 575 1957 Euphrates
592 1847 870 1956 babylonius,
888 1847 992 1928 arsit
1013 1844 1234 1935 Orontes*,

19 1960 25 1969 ’
139 1957 479 2071 lhermodonque
497 1960 620 2053 citus,
635 1958 901 2074 Gangesque,
914 1974 953 2039 et
966 1957 1132 2055 Phasis,
1151 1973 1192 2037 et
1209 1957 1347 2039 Ister'.

137 2072 311 2157 AEstuat
327 2071 539 2183 Alpheus.-
557 2074 673 2182 ripae
691 2069 965 2182 bperchiades
982 2069 1171 2155 ardena.-
1271 2066 1348 2152 250

138 2183 346 2379 gnatique
357 2213 434 2266 suo
448 2185 492 2266 Τ
484 2213 594 2296 ugus
607 2214 728 2266 amne
740 2185 867 2276 vehit,
871 2181 981 2297 stuit
992 2183 1175 2296 ignibus,
1188 2210 1347 2272 aurum,

186 2312 203 2373 t
220 2326 326 2408 quae
344 2296 594 2378 Maeonias*
611 2297 873 2379 celebrabant
890 2298 1073 2379 carmine
1091 2297 1208 2403 ripas

139 2408 187 2490 F
179 2408 383 2490 lumineae
400 2409 593 2491 nrolucres
611 2406 748 2492 medio
765 2408 929 2490 calrsere
951 2409 1164 2518 Cn'ystro*.

138 2517 267 2603 Mna
284 2520 330 2601 in
347 2537 576 2602 extremum
583 2521 708 2634 fugit
719 2523 963 2631 perterritus
981 2524 1136 2612 orbem,
1270 2511 1347 2621 254

142 2631 419 2744 Occuluitque
437 2651 583 2745 caput,
602 2633 718 2743 quotl
732 2633 873 2716 adhuc
891 2635 1013 2721 latet:
1032 2635 1140 2716 ostia
1158 2648 1311 2737 septem

140 2744 433 2826 Pulverulenta
452 2763 632 2840 uacant,
650 2765 803 2856 septem
821 2746 1099 2861 sineslumine
1117 2744 1266 2826 ualles.

138 2856 238 2937 Sors
254 2855 401 2938 eadem
419 2859 618 2941 Ismarios
635 2861 817 2940 Hebrum
835 2889 930 2944 ciem
948 2862 1170 2966 Strymone
1188 2859 1336 2944 siccat,

141 2968 442 3082 Hesperiosque
467 2979 655 3065 amnes*,
673 2973 877 3065 Rliermm,
901 2971 1242 3081 Rhodanumque,
1262 2969 1348 3050 Pa-

225 3081 421 3193 dictuque,

145 3191 301 3306 Cuique
308 3194 400 3302 fuit
418 3223 554 3273 rernm
565 3196 774 3302 promissa
786 3196 976 3305 potentia
995 3195 1165 3278 Tibrim.
1271 3189 1347 3305 259

142 3305 316 3387 Dissilit
334 3333 452 3386 onzne
469 3305 623 3401 solum,
636 3326 904 3421 penetratque
922 3310 968 3390 in
988 3309 1171 3390 Tartara
1189 3307 1306 3388 riaetis

143 3418 324 3510 Lumen,
343 3432 383 3496 et
402 3417 609 3524 irtfernum
627 3436 748 3500 terret
767 3452 861 3502 cum
879 3421 1058 3534 conjuge
1076 3447 1226 3532 regem:

143 3528 205 3629 Et
223 3559 336 3609 ntare
354 3528 632 3626 contrahitur,
650 3534 871 3645 siccaeque
888 3551 951 3615 est
969 3561 1140 3643 campus
1158 3559 1324 3620 urenae,

192 3735 244 3804 237
266 3729 341 3786 Tum
360 3730 435 3787 sacta
462 3743 505 3789 est
522 3731 624 3808 Libye.
650 3736 739 3810 Regio
768 3733 890 3808 Africae
913 3736 1094 3802 aridissima,
1111 3737 1152 3789 sic
1176 3732 1271 3801 clieta,
1288 3731 1361 3810 qnod

138 3812 237 3879 >scotti
251 3805 265 3873 b
278 3807 453 3897 betig,quod
459 3821 556 3898 deficit
564 3825 716 3899 pluvia,ut
725 3828 841 3880 Seruius
847 3827 952 3882 scribit.
961 3823 1065 3902 Raptis.
1074 3825 1245 3891 Exsiccatis,
1251 3824 1359 3895 ereptis.

194 3913 257 3978 πίῃ.
278 3909 394 3966 'lanais
414 3914 534 3969 Fhwins
547 3922 591 3969 est
601 3915 740 3989 Scythiae
752 3919 911 3980 mouimus,
927 3920 1077 3990 Europam
1091 3913 1129 3968 ab
1141 3913 1215 3969 Isia
1228 3902 1359 3967 dividens.

195 4002 258 4069 246.
278 3999 451 4057 Maeandros.
473 4005 554 4060 Fluv.
574 4005 725 4082 Phrygiae
742 4008 865 4062 sinuosis
876 4005 1006 4079 flexibus
1030 4003 1184 4079 prolapsus
1208 4011 1216 4076 (
1244 4007 1307 4058 (iao.
1333 4006 1362 4054 ut

134 4097 287 4143 astuterunt
306 4092 388 4164 gyris
411 4094 465 4160 )ia
477 4091 596 4165 fantem
616 4113 698 4150 suum
718 4097 864 4153 multoties
883 4094 987 4170 referri
1006 4092 1126 4148 videtur.

193 4185 255 4249 247.
276 4178 503 4256 Mygdoniusque
525 4183 620 4241 Melas.
639 4186 758 4241 Flavius
777 4197 820 4243 est
839 4184 1035 4261 Mygdoniae,
1048 4184 1099 4259 qui
1118 4200 1182 4236 oves
1201 4183 1301 4255 nigras
1320 4177 1360 4254 ej·

130 4271 218 4342 ficere
236 4271 359 4336 elicitur,
372 4273 447 4328 unde
466 4283 495 4328 et
514 4294 614 4330 nomen
635 4280 757 4352 accepit.
778 4276 933 4334 Taenarius
954 4278 1086 4342 Eurotas,
1107 4275 1253 4329 Lucaniae
1264 4271 1340 4344 stau.

196 4367 260 4417 251.
283 4364 384 4440 Tagus.
405 4365 528 4421 Flavias
547 4370 720 4442 Hispaniae,
733 4386 841 4428 astreas
860 4369 963 4427 uehens
975 4386 1096 4433 arenas,
1107 4386 1182 4442 qnae
1194 4375 1262 4420 tiene
1276 4368 1363 4421 incere-

136 4455 185 4509 ‹lio
207 4455 407 4532 liquescebant.
