3008 5160
332 262 415 372 544
668 288 705 349 e.
731 287 860 350 ovmn
885 286 1052 349 risonis

248 406 421 494 'Arbiter
435 406 505 490 hie
522 405 654 519 igitur
669 424 826 488 sumtus
844 405 897 490 de
915 408 986 488 lite
995 408 1148 520 jocosd
1157 473 1167 507 ‚

250 522 384 606 Dicta
400 519 525 606 Jovis
529 519 695 627 firmat.
716 519 895 603 Gravius
913 520 1112 601 Saturnia
1119 520 1247 632 justo
1256 581 1269 615 ,

251 632 343 719 Nec
356 661 434 742 pro
450 633 624 714 materici
632 633 774 740 fertur
789 631 992 719 doluisse.-
1010 632 1158 743 suique

251 743 419 831 Judieis
435 751 603 826 aeterno‘
619 744 831 828 damnauit
847 745 1004 826 lumino
1023 760 1154 826 noete.
1398 745 1471 831 335

254 857 450 970 Atpoter
464 858 716 967 omnipotens
729 857 997 970 (nequeenim
1010 856 1252 938 licetirrita
1266 862 1458 972 cuiquam

254 971 392 1056 Foeta
411 971 498 1052 Dei
504 970 662 1080 fecisse
680 966 803 1080 Deo)
816 998 893 1078 pro
912 971 1062 1051 lumine
1079 967 1260 1052 ademto

253 1083 370 1166 Scire
377 1082 528 1190 futura
546 1081 662 1164 dedit
676 1111 956 1192 :poenamque
973 1083 1117 1164 levavit
1136 1084 1322 1170 honore.

309 1193 388 1278 Ille
400 1223 478 1303 per
492 1195 656 1278 Aiinius
664 1196 788 1306 famei
806 1195 1087 1276 celeberrimus
1106 1197 1240 1276 urbes

255 1308 540 1416 irreprehensa
557 1306 687 1390 dabat
700 1307 853 1417 populo
870 1335 1063 1416 responso
1076 1309 1255 1417 petenti
1256 1377 1266 1395 .
1402 1309 1473 1417 hio

315 2712 379 2765 333.
399 2706 529 2766 Gravius.
550 2710 598 2764 Sic
616 2708 779 2775 Hesiodus,
800 2712 914 2766 Tsetses
925 2752 934 2780 ,
954 2711 1109 2778 Liberalis,
1133 2717 1198 2773 aiii
1217 2730 1284 2778 tum
1300 2735 1415 2801 poetae,
1429 2730 1467 2778 trs

255 2802 430 2874 interpretes.
452 2798 644 2854 Callimachus
662 2817 727 2854 vero
745 2801 774 2854 in
793 2801 911 2856 iavacro
931 2797 1130 2867 Palladis,'et
1159 2807 1297 2869 Nonnus
1322 2818 1429 2871 Diones,
1448 2813 1465 2863 5.

257 2894 397 2948 Tiresiam
416 2892 506 2947 oculis
524 2892 670 2965 priuatum
680 2889 780 2965 suisse
799 2891 900 2948 eadem
918 2892 955 2948 de
973 2910 1080 2956 eausa,
1100 2912 1167 2969 qua
1189 2905 1353 2962 Actaeona
1364 2875 1464 2962 trium

255 3002 274 3035 a
295 2979 420 3036 Pallade
439 2981 546 3036 scilicet
565 2999 651 3057 quam
669 2979 777 3035 nudam
796 2980 927 3048 viderat,
946 2986 1022 3039 visus
1035 2985 1215 3044 incustoditi
1228 3012 1357 3065 poenam
1366 2993 1461 3050 deditur·

255 3081 284 3127 et
303 3074 434 3145 Propert.
454 3069 474 3125 i.
495 3074 521 3141 4.
541 3089 569 3141 9.
589 3071 717 3146 Magnam
739 3068 860 3127 Tiresias
878 3069 986 3149 aspexit
1003 3068 1115 3129 Pallada
1149 3089 1262 3151 rates,
1283 3082 1376 3140 Portis
1401 3081 1463 3139 dun.

254 3165 344 3242 posita
366 3162 521 3238 Gorgone,
539 3161 664 3216 membra
685 3159 769 3217 lavat.

307 3254 376 3311 Fah.
395 3253 432 3308 V.
452 3253 567 3330 Argum.
586 3253 641 3307 Ille
659 3271 710 3326 per
728 3253 839 3309 Aonias
847 3251 938 3328 sama
959 3254 1159 3314 celeberrimus
1172 3264 1287 3334 urbes,
1307 3278 1360 3326 ete.
1376 3263 1458 3338 liriopt

254 3349 381 3426 nympha
401 3365 436 3403 ex
456 3365 538 3401 amne
570 3342 691 3421 Cephiso
711 3344 868 3419 procreavit
886 3346 1064 3412 Narcissum,
1095 3351 1146 3406 cui
1167 3354 1298 3418 Tiresias
1323 3361 1392 3417 Exen'
1411 3355 1461 3411 siin

256 3441 350 3497 omnia
370 3457 502 3517 prospere
522 3453 654 3514 responso
675 3434 816 3512 pollicitus
835 3450 899 3503 est,
918 3439 941 3495 si
960 3438 1180 3516 pulchritudinis
1202 3469 1275 3508 suae
1308 3453 1405 3510 nullam
1429 3445 1460 3501 ts

254 3529 364 3588 huisset
383 3524 524 3584 notitiam.
543 3528 628 3583 Hunc
647 3524 732 3601 igitur
751 3524 829 3583 Echo
848 3548 914 3584 cum
933 3528 1080 3607 diligeret,
1099 3552 1201 3610 neque
1224 3541 1303 3599 viem
1316 3536 1461 3620 potiundis·

257 3620 367 3675 veniret
379 3653 390 3683 ,
409 3635 477 3673 cura
496 3628 525 3673 et
544 3613 732 3672 sollicitudine
744 3616 877 3689 juvenis,
888 3638 972 3695 quem
985 3621 1120 3677 extremis
1132 3628 1261 3690 vocibus
1275 3631 1460 3710 persequebatur

254 3707 412 3785 fugientem
423 3747 432 3773 ,
445 3703 597 3773 extabuit,
617 3709 733 3781 ejusque
755 3705 889 3783 reliquiae
909 3711 1032 3788 corporis
1052 3709 1234 3791 inlepidem
1256 3741 1398 3782 conversae
1407 3727 1459 3776 sunh

253 3797 338 3870 Quod
356 3796 383 3851 ci
401 3792 501 3851 incidit
520 3797 636 3852 Iunonis
656 3794 716 3863 ira,
737 3795 802 3869 quia
823 3799 984 3875 garrulitate
1003 3821 1052 3857 sue
1072 3821 1136 3859 eam
1157 3825 1249 3887 saepe
1272 3817 1457 3872 essetecum

252 3908 289 3945 ne
309 3887 419 3964 Iupiter
437 3886 465 3941 in
486 3887 630 3943 montibus
648 3907 819 3964 persequens
838 3890 995 3968 nymphas,
1016 3893 1170 3955 manifesto
1192 3901 1458 3982 deprehendissem

251 3982 354 4036 Fertur
374 3975 451 4032 Echo
471 3972 528 4030 filia
546 3980 662 4034 Iunonis
682 3979 719 4035 ob
737 3979 945 4038 desonuitstern
965 3983 1106 4040 montibus
1127 3994 1294 4065 recondita,
1314 3993 1455 4075 nequdeju

252 4086 364 4149 praeter
379 4088 481 4127 vocem
501 4068 601 4146 inspici
621 4083 737 4147 posset,
757 4091 828 4146 quae
849 4086 941 4131 tamen
962 4087 1024 4152 post
1043 4076 1156 4136 obitum
1177 4087 1312 4148 auditur,

311 4165 375 4231 339.
399 4156 449 4212 lile
471 4176 520 4230 per
541 4157 654 4215 Aonias.
676 4164 819 4217 Boeotias.
837 4167 932 4219 Aonia
951 4169 1022 4220 euim
1040 4185 1112 4240 pars
1131 4180 1178 4226 est
1200 4179 1455 4238 Boeotium

254 4252 291 4306 ab
311 4255 392 4306 Aone
411 4267 481 4324 rege
501 4255 712 4326 cognominata.
732 4254 813 4310 Haec
832 4259 1162 4326 neumasensium
1173 4265 1455 4350 commodimseleld

253 4344 456 4419 conjugantur.
