3008 5160
248 258 251 272 '¹
333 281 388 369 86
657 303 693 366 r.
721 304 849 368 ovmu
875 303 1041 366 essoris

247 423 363 507 Hinc
379 419 596 507 dissuadet
613 450 733 507 amor
736 463 749 523 ,·
768 422 901 509 victus
913 419 1056 533 pudor
1069 436 1176 502 esset
1194 449 1356 506 amore.-

248 536 336 621 Sed
351 537 495 621 levesi
508 564 659 618 munus
675 537 818 619 sociae
832 535 1081 650 generisque
1098 534 1259 646 torique
1389 532 1466 617 620

253 650 401 738 Vacca
420 665 662 762 negaretur;
675 664 842 759 poterat
859 675 944 730 non
962 675 1094 730 vacca
1112 646 1255 731 sideri.

248 763 408 846 Pelliee
426 761 587 845 donatii
595 823 607 855 ,
626 790 710 844 non
723 762 917 873 protinus
933 763 1056 843 enuit
1073 788 1233 842 omnem

245 874 361 960 Diva
378 892 549 969 metum,
567 876 783 986 timuitque
800 874 972 968 Jovem,
989 890 1029 955 et
1037 874 1130 983 sicit
1147 875 1289 956 ancia
1300 873 1436 981 furti,

244 987 397 1072 Donec
415 985 683 1072 Aristoridae
699 985 947 1071 servandam
965 983 1142 1070 tradidit
1161 987 1297 1098 Argo.

249 1098 420 1184 Centum
439 1096 663 1182 luminibus
674 1101 861 1183 cinctum
872 1115 1000 1210 caput
1011 1096 1161 1213 Argus
1172 1099 1371 1186 habebat:
1385 1096 1462 1183 625

244 1212 352 1297 Inde
369 1216 459 1296 suis
477 1213 635 1298 vicibus
652 1212 872 1324 capiebant
888 1212 988 1293 bina
1006 1214 1202 1323 quietem;

248 1323 421 1408 Caetera
439 1327 677 1420 servabant,
695 1341 820 1437 atque
837 1325 883 1406 in
900 1326 1081 1408 statione
1098 1325 1335 1408 manebant.

247 1435 498 1521 Constiterat
516 1467 761 1550 quocunque
779 1437 899 1533 loco,
917 1439 1133 1549 spectabat
1150 1435 1213 1518 ad
1227 1439 1301 1527 lb:

245 1549 360 1634 Ante
378 1552 523 1636 oculos
540 1553 612 1647 lb,
631 1549 818 1666 quamvis
835 1577 1030 1645 aversus,
1048 1551 1234 1635 habebat.

288 3126 354 3177 διο.
375 3117 474 3177 Socise
494 3115 660 3196 generisque
684 3113 806 3193 torique.
823 3114 901 3174 Nam
920 3120 994 3175 lano
1011 3126 1041 3176 et
1064 3135 1148 3178 sorar
1175 3135 1255 3186 esse,
1273 3128 1303 3177 et
1324 3139 1401 3178 uxor
1417 3123 1457 3175 10·

230 3217 272 3270 vis
281 3213 420 3291 fingitur.

288 3305 356 3359 623.
376 3300 469 3360 Anxia
489 3297 566 3357 furti.
585 3298 630 3357 Ne
648 3301 783 3375 luppiter
801 3301 844 3357 ad
862 3300 1096 3359 consuetudinem
1115 3303 1179 3379 eq'ns
1197 3301 1315 3360 rediret.

284 3397 350 3463 oet.
371 3391 459 3469 Argo.
479 3392 576 3465 Argus
606 3393 759 3446 uniuersae
777 3391 877 3447 mundi
895 3394 1046 3450 machinae
1071 3404 1158 3471 typus
1175 3402 1244 3461 est,
1262 3393 1350 3470 cujus
1375 3401 1455 3471 caput

227 3484 300 3540 coeli
320 3502 393 3559 prae
411 3501 442 3538 se
450 3480 519 3556 sert
537 3485 701 3558 imaginem,
722 3483 797 3540 oculi
815 3484 976 3553 stellarum,
995 3505 1071 3563 quae
1089 3487 1231 3563 inferiora
1251 3490 1453 3567 respicientia

228 3595 316 3651 ergo,
335 3577 361 3630 si
380 3584 490 3631 terram
521 3578 713 3653 capias,'non
738 3578 830 3632 minus
853 3577 891 3633 ab
915 3583 997 3656 Arga
1026 3588 1182 3649 nocturno,
1211 3583 1320 3640 vicibus
1338 3581 1451 3639 alternis

229 3669 396 3744 respicitur,
427 3687 513 3745 quam
533 3689 552 3723 a
573 3669 697 3744 Cyclope
723 3667 843 3737 humo,
869 3669 901 3725 tt
925 3681 984 3737 est,
1008 3673 1085 3730 Sole.
1104 3675 1137 3728 Si
1163 3691 1252 3730 vacca
1277 3679 1338 3744 sit,
1364 3677 1454 3732 tunam

228 3768 398 3816 crescentem
411 3757 542 3832 rejersan
560 3778 688 3825 cornua,
706 3769 852 3836 nuptaque
863 3771 907 3817 est
920 3762 1039 3830 osirin,
1059 3763 1143 3839 cujus
1161 3782 1272 3821 cornua
1291 3765 1377 3842 phua
1393 3763 1453 3820 orbe

230 3855 366 3908 coeuntia
385 3843 474 3928 salem
494 3851 629 3926 referunt.
649 3857 808 3931 Utrumque
826 3859 971 3911 numinum
983 3857 1047 3912 loeo
1059 3859 1222 3934 AEgrptios,
1241 3861 1366 3928 Persas,
1383 3856 1451 3913 alios

228 3944 349 4001 coluisse
368 3953 466 4000 notum
485 3956 536 4001 est.
556 3948 640 4003 Alias
657 3947 850 4023 mythologice
862 3949 1109 4025 quaehistariam,
1129 3970 1205 4027 quae
1222 3952 1390 4028 physicam,
1406 3965 1452 4003 net

227 4054 285 4091 non
304 4054 397 4089 mores
427 4044 572 4109 spectant,
598 4037 685 4094 habes
710 4038 791 4114 apud
808 4039 911 4096 Natal.
938 4043 1076 4097 Comitem
1094 4041 1142 4096 lib.
1162 4047 1189 4098 8.
1208 4062 1275 4118 cap.
1299 4049 1342 4101 ιθ.
1362 4037 1451 4098 Salde-

225 4145 295 4184 num
314 4125 352 4181 de
372 4129 437 4183 Diis
454 4130 536 4202 Syris
555 4149 595 4187 ec.

284 4222 349 4286 ⁰²7·
369 4217 405 4273 ln
423 4216 544 4274 statione
569 4221 732 4278 manebant.
752 4222 816 4278 Hoc
835 4231 892 4286 est,
914 4224 1080 4299 vigilabant.
1099 4227 1268 4283 Translatia
1287 4235 1332 4284 est
1350 4246 1371 4281 a
1389 4222 1450 4279 mih·

228 4307 302 4363 tihus
318 4317 448 4382 sumpta,
468 4315 516 4384 qui
535 4314 564 4365 in
584 4314 708 4370 statione
729 4324 796 4370 tunc
815 4332 930 4370 manere
946 4313 1095 4381 dicuntur,
1115 4334 1178 4373 cum
1197 4316 1355 4394 diligenter
1373 4331 1448 4372 excu-

227 4397 289 4451 bias
308 4407 409 4472 agunt.
