3008 5160
334 306 393 418 48
676 328 1035 399 novtnnmsous

251 446 344 533 Nec
361 449 490 535 maris
508 451 574 534 ira
591 469 750 546 manet,
763 451 982 563 positoque
1001 444 1231 556 tricuspide
1249 447 1332 528 telo
1381 443 1461 533 550

251 560 418 644 Mulcet
435 593 572 678 aquas
589 581 728 648 rector
736 562 909 676 pelagi:
926 589 1131 673 supraque
1144 556 1404 671 profundum

251 670 522 773 Exstantem
538 695 663 791 atque
679 679 867 758 humeros
882 675 1029 755 innato
1046 674 1203 754 murice
1221 685 1386 767 tectum,

257 784 500 872 Caeruleum
520 791 696 874 Tritona
714 805 855 874 uocat.-
874 787 1137 899 conchaeque
1154 785 1327 868 sonanti

251 900 463 1011 Inspirare
469 902 610 1016 jubet,
616 903 864 1019 fluctusque
876 917 917 983 et
920 899 1110 1015 flumina
1127 900 1253 1012 signo

251 1013 348 1097 Jam
366 1044 555 1097 reuocare
572 1015 686 1099 dato.
709 1015 821 1099 Cava
838 1014 1018 1095 buccina
1036 1013 1214 1094 sumitur
1228 1009 1297 1091 illi
1384 1005 1458 1092 555

253 1125 446 1234 tortilis,
467 1128 512 1209 in
532 1128 662 1210 latum
681 1159 787 1241 quae
806 1127 966 1208 turbine
984 1127 1136 1208 crescit
1156 1126 1209 1204 ab
1227 1125 1330 1211 imo:

250 1239 461 1333 Buccina,
482 1270 588 1352 quae
606 1240 743 1323 medio
761 1239 951 1348 concepit
970 1240 1044 1318 uhi
1058 1251 1161 1321 ae'ra
1173 1252 1324 1347 ponto,

250 1352 414 1435 littora
432 1381 528 1435 voce
546 1354 673 1464 replet
689 1356 766 1435 sub
785 1369 955 1464 utroque
963 1351 1158 1463 jacentia
1176 1349 1356 1433 Phoebe.

252 1464 296 1545 T
290 1495 358 1546 um
376 1493 552 1578 quoque,
571 1483 616 1547 ut
634 1494 708 1548 ora
726 1465 815 1548 Dei
829 1461 1007 1546 madidd
1024 1465 1211 1544 rorantia
1229 1463 1361 1543 harha‘

253 1574 378 1660 Couti
407 1580 460 1672 it,
478 1595 519 1661 et
536 1580 691 1662 cecinit
697 1578 845 1691 jussos
864 1577 1016 1691 irqlata
1033 1591 1244 1686 receptus,
1386 1569 1456 1678 540

251 1608 453 1774 omnihus
469 1689 619 1773 audita
636 1708 698 1773 est
714 1691 873 1772 telluris
890 1706 931 1771 et
947 1691 1142 1800 aequoris
1161 1686 1309 1781 undis,

248 1800 312 1884 Et
329 1806 478 1916 quihus
495 1821 558 1886 est
575 1802 706 1886 undis
723 1801 894 1896 audita,
913 1803 1101 1887 coercuit
1118 1828 1272 1883 omues.

247 1915 347 1999 dam
363 1945 478 1997 mare
496 1917 614 2000 littus
632 1917 769 2009 habet,
782 1915 932 2024 plenos
951 1915 1065 2026 capit
1084 1913 1226 1997 alueus
1243 1938 1403 2004 amnes,

246 2026 446 2110 Flumina
464 2027 709 2135 subsidunt,
731 2028 858 2110 colles
876 2030 996 2109 escire
1014 2026 1222 2118 videntur,

246 2139 390 2254 Surgit
397 2142 558 2235 humus,
573 2157 765 2223 crescunt
777 2141 874 2222 loca
885 2138 1219 2222 decrescentibus
1227 2134 1368 2251 undis:
1379 2131 1451 2240 545

246 2249 431 2366 Postque
450 2251 562 2334 diem
581 2253 753 2366 longam
770 2251 933 2335 nudata
953 2254 1175 2337 cacumina
1193 2250 1339 2360 sylvae

248 2362 505 2457 Ostendant,
525 2364 748 2479 limumque
767 2381 904 2447 tenent
922 2367 968 2447 in
975 2363 1135 2476 fronde
1152 2363 1354 2446 relictum,

245 2475 452 2559 Redditus
471 2477 582 2559 orbis
600 2494 717 2564 erat:
736 2507 856 2589 quem
867 2494 1093 2591 postquam
1111 2474 1215 2561 uidit
1233 2479 1411 2569 inanem,

192 2660 194 2664 ,
242 2584 309 2672 Et
325 2585 542 2671 desolatas
557 2617 685 2702 agere
702 2590 793 2671 alta
810 2592 979 2672 silentia
997 2608 1148 2684 terras,

243 2698 485 2783 Deucalion
497 2698 701 2812 lacrymis
714 2703 775 2784 ita
787 2703 999 2813 Pyrrham
1011 2734 1039 2785 a
1028 2701 1175 2817 ffotur
1185 2703 1353 2790 obortis:
1380 2693 1447 2783 550

248 2812 433 2908 Osoror,
453 2843 478 2895 0
497 2815 673 2909 coniux,
692 2846 718 2898 o
725 2817 892 2924 femina
910 2816 1003 2898 sola
1020 2830 1241 2927 superstes,

249 2923 388 3036 Quam
405 2954 623 3008 commune
641 2929 745 3009 mihi
757 2958 913 3040 genus,
932 2947 974 3010 et
984 2929 1191 3039 patruelis
1209 2930 1350 3045 origo,

246 3034 416 3120 Deinde
434 3055 550 3120 torus
558 3039 728 3150 sunnin
746 3069 862 3123 nuuc
879 3043 973 3153 ipsa
985 3040 1180 3151 pericula
1187 3038 1393 3158 jungunt.-

247 3148 491 3244 Terrarum,
511 3179 780 3264 quascunque
797 3152 937 3239 uident
956 3181 1135 3238 occasus
1151 3168 1194 3235 et
1211 3169 1342 3249 ortus,

318 3368 382 3424 330.
401 3369 507 3426 lunato
518 3364 635 3425 murice.
654 3371 795 3447 Ingenitis
805 3369 971 3427 muricibus:
992 3371 1040 3428 vel
1056 3379 1200 3448 gerentem
1220 3371 1343 3431 haeris
1359 3365 1447 3446 tegat·

238 3466 283 3514 tos
303 3459 356 3514 sibi
375 3461 496 3514 murices
520 3468 548 3514 et
574 3459 707 3515 conchas.
727 3463 783 3517 Est
804 3469 902 3515 autem
921 3479 1022 3516 murex
1041 3460 1150 3516 concha
1170 3481 1208 3517 eu
1226 3461 1310 3538 cujus
1332 3455 1465 3536 mgtlfll'

238 3565 401 3622 purpureus
419 3547 569 3622 conficitur
588 3550 676 3605 colar.

316 3643 380 3695 333.
400 3638 590 3716 Conchaeque
610 3641 730 3698 sonanti.
751 3641 913 3698 Beroaldus
931 3643 1082 3719 legendum
1107 3654 1202 3700 censet
1221 3644 1326 3702 sonaci.
1344 3647 1388 3701 Ex
1401 3638 1448 3714 opi·

239 3729 323 3784 nione
342 3739 370 3785 et
390 3729 528 3805 religione
547 3743 675 3788 veterum
705 3735 952 3806 interpretandum
980 3743 1074 3789 censet
1096 3735 1218 3790 Turneh.
1239 3735 1288 3791 lib.
1308 3752 1323 3789 0
1344 3751 1400 3807 cap.
1421 3743 1446 3781 ²1

234 3821 413 3877 credentium
442 3823 587 3878 Tritonem
612 3825 739 3899 Neptuni
770 3825 979 3880 buccinatorem
1007 3844 1115 3882 canoro
1145 3829 1318 3904 immanique
1346 3825 1448 3880 canon

238 3931 332 3997 aquas
357 3916 520 3986 increpare,
541 3924 570 3969 et
591 3924 731 3991 tauquam
760 3916 876 3970 auritas
895 3935 1016 3983 uocare,
1035 3935 1111 3991 quae
1129 3917 1192 3990 ejus
1212 3918 1329 3992 imperio
1353 3924 1446 3970 consue·

239 4003 328 4056 verint
348 4021 461 4075 parere.
734 4012 737 4019 '

315 4095 379 4146 351.
395 4089 498 4146 'soron
519 4092 675 4157 Patruelis,
694 4109 750 4148 0οο
769 4113 909 4171 germana
916 4123 924 4166 3
934 4094 1005 4171 filia
1025 4094 1086 4149 scil.
1105 4094 1264 4169 Epimethei
1276 4112 1313 4149 ex
1323 4087 1445 4148 Puden:

239 4183 282 4235 uti
308 4189 336 4235 et
363 4182 525 4236 Deucalion
551 4191 615 4235 erat
641 4183 802 4253 Promethei
817 4186 920 4260 filius,
947 4203 985 4239 ec
1012 4186 1084 4240 Asia
1112 4203 1215 4241 uxore?
1240 4193 1354 4259 uterque
1369 4184 1446 4232 autu

239 4273 427 4331 Prometheus
446 4283 474 4328 et
494 4273 679 4346 Epimetheus
688 4275 750 4348 filii
770 4287 854 4331 erant
873 4279 981 4350 lapeti.

314 4369 380 4422 350.
399 4364 538 4423 Patruelis
557 4364 644 4441 origo.
658 4367 818 4423 Deucalion
836 4370 909 4424 enim
920 4377 948 4424 et
961 4368 1076 4444 Pyrrha
1089 4369 1235 4446 patrueles
1243 4363 1371 4442 suerunt·
1387 4357 1446 4416 Na*

128 4505 134 4516 s
240 4457 364 4528 tapetus
382 4454 455 4509 duos
475 4454 627 4510 sustulisse
643 4454 727 4529 filios
750 4457 874 4525 elicitum
892 4458 1107 4528 Prometheum,
1127 4462 1177 4536 qui
1195 4451 1446 4516 manumet

242 4541 459 4618 opimatam,
479 4545 529 4620 qui
548 4541 690 4617 Pyrrham
708 4546 817 4622 genuit.
