3008 5160
335 265 407 319 110
659 256 694 312 Ρ.
707 252 841 313 -ovmu
858 251 1024 312 tusoms

243 375 500 488 Ambiguum
518 389 579 453 est
600 370 796 480 Clymene
809 370 1001 482 precibus
1019 368 1305 465 Phaethontis,
1318 403 1377 454 an
1393 377 1457 458 ira⁴

245 489 371 575 Mota
388 487 526 598 magis
544 483 654 573 dicti
669 484 752 564 sibi
767 485 983 580 crirninis;
1002 496 1173 594 utraque
1194 485 1315 566 caelo

244 600 426 686 Brachia
438 598 651 706 perrecin
668 612 941 707 spectansque
958 593 1021 676 nd
1035 595 1195 678 lumina
1211 599 1340 692 solis,

246 718 332 798 Per
334 712 466 824 jrdtar
480 712 584 804 leuc,
602 711 755 821 innuit,
775 708 909 791 radiis
926 710 1094 822 insigne
1112 713 1312 811 coruscis,

247 827 383 916 Nate,
403 821 611 934 tibijnro,
630 822 746 932 quad
759 852 836 904 nos
854 819 1074 932 auditque,
1093 821 1298 936 sidetana
1380 822 1456 939 769

248 939 342 1024 Hoc
361 953 417 1028 te,
438 965 557 1047 necem
577 953 741 1046 spectas
750 976 762 1031 ;
781 936 860 1018 hoc
877 951 936 1028 te,
955 937 1030 1047 qni
1046 952 1241 1047 temperat
1259 938 1412 1030 orbem,

248 1050 344 1133 Sole
362 1066 517 1136 satum:
536 1049 577 1129 si
579 1048 697 1156 ficta
715 1051 880 1159 laqreor,
899 1063 1024 1160 neget
1043 1051 1131 1157 ipse
1156 1047 1380 1131 videndum

248 1163 301 1244 Se
319 1163 438 1253 mitti,
457 1162 591 1272 sitque
610 1156 742 1244 aculis
760 1161 942 1241 lanista
960 1161 1192 1242 nanissima
1210 1163 1376 1243 nostris.

248 1273 340 1357 Nec
359 1274 510 1384 longus
523 1275 685 1377 patrias
703 1273 822 1354 labor
836 1291 897 1355 est
916 1274 994 1354 tibi
1007 1302 1130 1355 nasse
1143 1290 1342 1383 penates:

251 1384 374 1469 Unde
391 1387 531 1477 oritur,
544 1404 675 1466 terrae
687 1385 834 1468 donnes
845 1405 908 1468 est
920 1389 1174 1469 contermina
1187 1403 1362 1469 nostrae.
1380 1394 1458 1498 774

249 1499 298 1581 Si
313 1497 435 1579 mado
444 1500 533 1608 fert
551 1499 739 1592 animus,
755 1498 954 1610 gradere,
973 1518 1013 1580 et
1031 1501 1233 1583 scitabere
1255 1503 1309 1579 ab
1327 1502 1430 1612 ipsu.

250 1610 650 1720 Emicat-extemplo
669 1612 803 1693 iaetus
816 1632 913 1724 post
933 1613 1038 1694 talia
1056 1615 1202 1695 matris

250 1722 384 1807 Dicta
402 1752 502 1805 suae
520 1722 758 1824 Pitat'tltam
776 1744 816 1805 et
834 1728 1018 1839 concipit
1036 1729 1202 1808 aethera
1220 1741 1366 1809 mente.
