3038 5154
350 238 435 343 294
682 246 869 313 noum
887 248 1056 310 mom

267 367 399 455 Parte
400 366 632 485 flagellari
639 369 802 497 ganta't
818 396 899 449 suo
914 367 1065 449 robora
1078 362 1260 496 melae.

267 483 384 567 Dum
401 482 581 593 mattam
599 498 742 564 victa·
754 482 866 563 vs‘cti
878 477 1120 564 camdem
1134 480 1299 577 hostin
1425 476 1472 597 95

272 596 375 682 Vua
385 596 521 679 subitis
530 591 680 676 audita
691 610 773 680 est:
791 591 952 705 (neqtoe
966 610 1058 675 emt
1075 619 1474 707 mgnmaaepsum·

344 726 463 819 pum

269 818 413 921 Unde;
429 817 510 904 sed
520 816 672 901 audita
693 815 781 928 cst)
800 816 944 931 Qiu'd,
961 816 1161 935 Ageriae
1183 835 1308 911 rme,
1317 847 1472 928 perusi·

396 962 466 1015 um

264 950 500 1156 ,Sesppiintem
515 1046 716 1155 spectas?
730 1060 772 1125 et
788 1060 834 1124 tu
850 1045 1086 1154 spectabere
1101 1070 1287 1152 serpens.

264 1158 345 1242 Ille
361 1155 437 1240 diu
449 1155 647 1268 purtim,
691 1160 825 1238 ariter
838 1185 933 1239 cum
950 1164 1059 1237 ooee
1074 1154 1256 1238 oolosem

263 1267 532 1365 Perdiderat;
546 1268 639 1382 geli
720 1299 771 1349 ue
788 1296 933 1351 comae
948 1284 1103 1349 terrore
1116 1268 1327 1381 n‘gebont.
1404 1297 1469 1352 too

261 1379 383 1467 Ecce
398 1382 489 1465 oiri
521 1383 669 1462 autina
685 1410 857 1492 supems
874 1378 1050 1490 delapsa
1061 1409 1142 1488 per
1154 1409 1288 1461 mous

262 1490 414 1578 Pallas
512 1508 573 1580 st:
589 1510 804 1605 motaeque
811 1492 932 1607 jubet
948 1519 1176 1603 supponem
1193 1509 1334 1575 terrae

266 1604 466 1716 Vipereos
482 1602 627 1689 dentes
640 1606 791 1717 populi
805 1609 1060 1689 incrementa
1067 1605 1223 1714 fidius.

264 1714 409 1818 I'aret;
425 1733 486 1818 et,
506 1734 551 1800 ut
563 1744 710 1829 presso
726 1718 890 1800 solemn
901 1718 1105 1829 patefecit
1119 1735 1283 1824 aratro,

261 1830 431 1945 spargit
449 1830 566 1914 immi
572 1829 719 1943 jussos
735 1831 932 1914 mortalia
948 1832 1110 1914 senuna
1125 1829 1286 1915 dentes.
1406 1827 1466 1913 1⁰5

304 3364 350 3435 95.
369 3357 477 3420 Vialor.
499 3357 626 3418 catum
648 3360 745 3437 utique
765 3362 885 3419 victoria
905 3356 993 3416 etiam
1005 3356 1158 3417 victoribus
1170 3356 1462 3433 infelicetdamnoss.

301 3457 346 3523 98.
367 3453 453 3509 nitu
472 3450 645 3531 spectabere.
665 3455 761 3526 Regno
780 3451 880 3526 pulsus
899 3451 937 3506 ab
956 3450 1114 3527 Amphione
1137 3459 1167 3506 et
1190 3451 1283 3508 Zetluo
1302 3452 1345 3508 sui
1360 3452 1464 3526 Illyrios

244 3544 358 3607 transit,
372 3543 419 3599 ulri
437 3545 582 3618 ipserum
601 3560 693 3599 uxore
712 3543 863 3599 Hermione
882 3545 911 3597 in
930 3551 1074 3618 serpentes
1092 3545 1280 3598 transmutati
1298 3550 1375 3610 sunt,
1387 3542 1430 3599 lib.
1444 3547 1463 3612 l¹

244 3655 267 3690 ν.
289 3637 352 3692 565.
373 3635 526 3712 Euripides
548 3637 577 3690 in
596 3634 723 3692 Bacchis.

303 3743 365 3782 ιοι.
386 3728 459 3784 Ecce
485 3727 538 3784 viri
563 3726 676 3783 fautrix.
700 3727 883 3801 Repentinum
911 3723 1045 3782 Palladis
1069 3725 1222 3782 adventum
1249 3726 1305 3783 illa
1329 3724 1466 3801 particula

242 3833 308 3872 acce
329 3817 482 3894 significat.
502 3821 545 3874 Ae
565 3817 681 3875 Ovidius
700 3816 813 3893 quidem
833 3816 967 3873 Palladis
982 3817 1067 3892 jussu
1085 3817 1185 3873 dentes
1209 3821 1351 3892 serpentis
1375 3838 1397 3873 a
1423 3819 1468 3873 Ca·

244 3908 312 3963 iimo
331 3912 374 3963 ait
383 3909 483 3983 juisse
502 3914 671 3967 seminatos:
692 3909 877 3984 Lysimachus
896 3910 974 3978 uero,
993 3913 1093 3965 Morte
1113 3911 1249 3984 jubente,
1268 3920 1376 3967 narrat
1397 3911 1469 3967 semi·

244 4014 331 4060 natos
341 4001 448 4079 fuisse.
470 4002 648 4079 Pherecydes
667 4012 763 4060 autem
783 4003 879 4059 scribit
898 4004 1025 4057 Mortem
1037 4021 1074 4057 ac
1085 4002 1237 4059 Palladem
1249 4005 1391 4079 serpentis
1401 4002 1469 4058 illius

236 4092 334 4148 ‹hntes
347 4094 377 4148 in
396 4094 472 4157 duas
482 4105 583 4169 partes
594 4093 732 4172 aequales
743 4092 870 4149 divisisse
876 4128 886 4159 ‚
898 4093 1077 4169 alteramque
1091 4092 1215 4162 Cadmo,
1226 4094 1356 4151 alteram
1376 4094 1471 4150 AEi'too

236 4186 406 4254 tradidisse,
425 4188 620 4266 Cadmumque
639 4183 706 4244 illos
723 4188 893 4255 seminasse,
912 4206 950 4242 ea
968 4188 1068 4265 quibus
1077 4187 1202 4243 lsomines
1211 4193 1323 4243 armati
1335 4190 1392 4244 sint
1406 4186 1469 4240 nati.

300 4285 360 4335 105.
382 4280 508 4337 Mortalia
529 4280 644 4337 semina.
665 4277 817 4335 Hominum
836 4281 944 4337 semina
962 4298 1019 4338 non
1030 4277 1164 4356 frugum.
1184 4281 1262 4339 Nam
1281 4281 1409 4341 nomines
1427 4296 1466 4334 ar·

237 4373 309 4424 muti
330 4387 368 4425 ex
387 4370 445 4426 illis
464 4371 596 4427 dontibus
615 4373 672 4425 orti
684 4361 847 4446 finguntur.

371 4636 602 4854 m..
