3008 5160
227 311 273 365 ¹2
553 307 587 366 P.
606 304 734 367 ovum
751 302 917 365 ltlsonls
1231 337 1241 349 .

134 427 288 535 Sponte
304 425 383 505 sua‘
393 486 406 530 ,
425 424 516 504 sine
535 420 800 614 leggfidem,
824 438 1057 534 rectumque
1075 421 1240 503 colebat
1246 461 1261 519 ,-
1285 449 1329 532 9⁰

134 537 299 631 Poena,
317 553 527 645 nutusque
618 551 734 631 mnt;
752 562 829 615 nee
846 535 966 616 verba
983 533 1190 614 minantia
1247 561 1305 615 ro

134 649 237 734 AEre
255 648 509 762 ligabantur,
527 675 605 729 nec
622 646 800 757 supplex
818 647 937 726 turba
955 645 1121 725 timebat

134 759 302 847 Judicis
321 790 393 843 ora
411 760 498 844 sui:
516 757 596 840 sed
608 776 745 852 erant,
764 761 853 839 sine
861 755 1029 870 jndice,
1050 757 1141 840 tuti.

134 869 335 958 Nondum
364 900 489 954 caesa
506 872 615 964 suis,
628 871 892 984 peregn'nnm
910 886 955 950 ut
973 871 1118 950 viseret
1140 870 1299 968 orbem,

135 984 371 1080 Montibus,
390 986 435 1066 in
453 980 638 1096 liquidas
650 985 780 1092 pinus
796 981 1068 1064 descenderat
1097 980 1261 1067 undas:
1287 979 1329 1094 95

135 1096 346 1208 Nullaque
362 1097 577 1201 mortales,
593 1111 761 1202 praeter
774 1122 872 1187 sua,
891 1094 1032 1174 littora
1049 1111 1216 1176 norant.

135 1206 336 1292 Nondum
347 1209 576 1318 paecipites
593 1208 818 1319 cingebant
835 1205 993 1317 oppida
1005 1204 1150 1312 fossae
1164 1247 1177 1290 .-

135 1319 236 1403 Non
253 1323 352 1401 tuba
369 1318 537 1411 directi,
556 1347 640 1401 non
656 1321 766 1400 aeris
784 1317 1092 1431 comuasleri,

136 1431 237 1516 Non
251 1433 422 1543 galeae,
440 1459 525 1513 non
543 1432 654 1513 ensis
671 1447 780 1517 emt:
799 1434 888 1513 sine
906 1432 1051 1512 militis
1069 1457 1148 1511 usu

136 1544 296 1628 Mollia
314 1573 485 1626 securae
498 1547 754 1656 peragebant
772 1546 858 1626 otia
872 1560 1030 1657 gentes.
1274 1574 1334 1628 100

136 1658 237 1765 Ipsa
256 1685 415 1784 quoque
431 1658 651 1751 immunis,
669 1673 883 1768 rastroque
900 1657 1077 1747 intacta,
1095 1684 1174 1736 nec
1194 1657 1293 1738 ullis

138 1771 296 1850 §aucta
314 1769 563 1861 verteribus,
577 1799 655 1880 per
669 1797 713 1849 se
731 1767 862 1851 dabat
879 1769 1017 1851 omnia
1036 1768 1179 1866 tellns;

143 1878 410 1992 Contentique
428 1882 551 1981 cibis,
569 1882 684 1964 necllo
703 1899 891 1996 cogente,
910 1882 1074 1979 creatis,

145 1993 351 2075 Arbuteos
360 1993 526 2102 foetus,
551 2012 830 2106 montanaque
837 1996 974 2105 fraga
992 1993 1211 2105 legebant,

144 2103 381 2218 Cornaque,
398 2106 502 2186 etin
519 2103 636 2188 duris
654 2107 865 2187 hacrentia
884 2136 999 2188 mora
1018 2106 1197 2196 rubetis,
1275 2099 1340 2187 105

139 2215 222 2312 Et,
241 2249 347 2330 quae
363 2215 607 2303 deciderant
618 2220 771 2328 patulci
787 2218 904 2305 Joois
928 2221 1096 2310 arbore,
1112 2214 1310 2327 glandes.

204 3653 247 3720 98.
268 3646 333 3704 Non
354 3647 437 3717 tuba,
457 3667 501 3706 ec.
525 3647 604 3707 Tube
623 3650 768 3727 peditum,
788 3662 815 3708 et
835 3662 878 3708 est
896 3653 1023 3712 directa:
1045 3658 1134 3712 lituus
1153 3660 1298 3717 incurvus.

206 3743 267 3794 106.
286 3735 365 3794 Jovis
384 3739 484 3795 arbore
511 3737 634 3815 glandes.
655 3742 893 3811 mentientia,
920 3765 994 3821 quae
1018 3748 1152 3812 arbores,
1172 3767 1249 3822 acrae
1273 3749 1342 3824 plat·

145 3837 196 3883 tae
220 3827 321 3903 quibus
341 3828 396 3883 diis
414 3847 526 3884 sacrae.
552 3830 631 3901 lovi,
658 3849 795 3908 quercus,
814 3835 887 3900 ilex,
907 3837 1047 3891 aesculus.
1073 3834 1215 3913 Apollini,
1234 3839 1342 3894 laurus.

146 3920 288 3986 oleaster,
309 3920 496 3992 lryacintlrus,
522 3925 648 3995 myrica,
669 3924 831 4000 juniperus.
852 3925 951 3990 Morti,
962 3925 1127 3999 fraxinus,
1151 3949 1284 4003 gramen.
1303 3928 1342 3984 lli·

146 4030 263 4076 nereae,
289 4011 363 4066 olea.
390 4011 510 4078 Veneri,
535 4025 657 4089 myrtus,
682 4034 759 4071 rosa.
786 4015 925 4082 Herculi,
950 4019 1081 4092 papulus.
1115 4018 1248 4089 Baccho,
1274 4025 1343 4085 vitis,

147 4102 249 4171 edera,
272 4100 360 4176 solia.
376 4104 473 4178 ficus,
505 4108 666 4177 narcissus,
688 4111 849 4183 pantpinus.
870 4108 998 4176 Plutoni,
1029 4128 1188 4183 cupressus.
1219 4114 1345 4176 Laribus,

147 4195 256 4250 allium.
277 4196 498 4259 Eunrcnidibus‚
519 4195 617 4266 altars,
637 4199 751 4255 cedrus.
770 4199 881 4268 Cereri,
901 4219 1007 4256 crocus.
1029 4201 1228 4280 Proserpinae,
1248 4204 1346 4261 narcit

144 4307 203 4342 sus.
223 4289 327 4354 Musis,
354 4291 464 4359 palata.
482 4284 585 4355 Genio,
609 4294 756 4364 platanus.
778 4292 934 4361 Mercurio,
953 4296 1118 4368 portulaca.
1134 4327 1170 4338 ·-
1189 4295 1292 4355 Patula
1314 4315 1347 4353 ar

146 4381 224 4445 bore,
244 4379 297 4436 leae
317 4389 374 4446 cst,
394 4386 422 4438 in
442 4382 536 4436 lutum
557 4385 719 4452 patentibus
738 4382 849 4458 diffusa
870 4390 966 4442 ramis.
