<?xml version="1.0" encoding="UTF-8"?>
<!DOCTYPE html PUBLIC "-//W3C//DTD XHTML 1.0 Transitional//EN"
    "http://www.w3.org/TR/xhtml1/DTD/xhtml1-transitional.dtd">
<html xmlns="http://www.w3.org/1999/xhtml" xml:lang="en" lang="en">
 <head>
  <title>
</title>
<meta http-equiv="Content-Type" content="text/html;charset=utf-8" />
  <meta name='ocr-system' content='tesseract 3.04.00' />
  <meta name='ocr-capabilities' content='ocr_page ocr_carea ocr_par ocr_line ocrx_word'/>
</head>
<body>
  <div class='ocr_page' id='page_1' title='image "./povidiinasonism03angugoog_0142.png"; bbox 0 0 3008 5160; ppageno 0'>
   <div class='ocr_carea' id='block_1_1' title="bbox 228 216 937 332">
    <p class='ocr_par' dir='ltr' id='par_1_1' title="bbox 228 216 937 332">
     <span class='ocr_line' id='line_1_1' title="bbox 228 216 937 332; baseline 0.004 -31"><span class='ocrx_word' id='word_1_1' title='bbox 228 216 283 332; x_wconf 86' lang='lat'><em>98</em></span> <span class='ocrx_word' id='word_1_2' title='bbox 570 244 604 302; x_wconf 79' lang='lat' dir='ltr'><em>e.</em></span> <span class='ocrx_word' id='word_1_3' title='bbox 626 244 754 302; x_wconf 83' lang='lat' dir='ltr'><em>ovmn</em></span> <span class='ocrx_word' id='word_1_4' title='bbox 771 243 937 304; x_wconf 73' lang='lat' dir='ltr'><em>ussoms</em></span> 
     </span>
    </p>
   </div>
   <div class='ocr_carea' id='block_1_2' title="bbox 139 362 1338 1044">
    <p class='ocr_par' dir='ltr' id='par_1_2' title="bbox 141 362 1338 814">
     <span class='ocr_line' id='line_1_2' title="bbox 141 362 1338 473; baseline -0.003 -24"><span class='ocrx_word' id='word_1_5' title='bbox 141 363 266 449; x_wconf 84' lang='lat' dir='ltr'><em>Talia</em></span> <span class='ocrx_word' id='word_1_6' title='bbox 284 363 401 446; x_wconf 82' lang='lat' dir='ltr'><em>verba</em></span> <span class='ocrx_word' id='word_1_7' title='bbox 417 363 606 471; x_wconf 79' lang='lat' dir='ltr'><em>refert...</em></span> <span class='ocrx_word' id='word_1_8' title='bbox 625 362 819 447; x_wconf 80' lang='lat' dir='ltr'><em>Restabat</em></span> <span class='ocrx_word' id='word_1_9' title='bbox 837 363 964 443; x_wconf 85' lang='lat' dir='ltr'><em>uerba</em></span> <span class='ocrx_word' id='word_1_10' title='bbox 981 364 1149 469; x_wconf 78' lang='lat' dir='ltr'><em>referre:</em></span> <span class='ocrx_word' id='word_1_11' title='bbox 1281 393 1338 473; x_wconf 73' lang='lat'><em>7⁰*</em></span> 
     </span>
     <span class='ocr_line' id='line_1_3' title="bbox 143 474 1236 589; baseline 0 -28"><span class='ocrx_word' id='word_1_12' title='bbox 143 477 206 561; x_wconf 87' lang='lat' dir='ltr'><em>Et</em></span> <span class='ocrx_word' id='word_1_13' title='bbox 219 478 410 586; x_wconf 86' lang='lat' dir='ltr'><em>precibus</em></span> <span class='ocrx_word' id='word_1_14' title='bbox 428 478 576 586; x_wconf 88' lang='lat' dir='ltr'><em>spretis</em></span> <span class='ocrx_word' id='word_1_15' title='bbox 583 477 757 589; x_wconf 77' lang='lat' dir='ltr'><em>fugisse</em></span> <span class='ocrx_word' id='word_1_16' title='bbox 773 506 847 564; x_wconf 88' lang='lat' dir='ltr'><em>ner</em></span> <span class='ocrx_word' id='word_1_17' title='bbox 862 477 959 559; x_wconf 80' lang='lat' dir='ltr'><em>uria</em></span> <span class='ocrx_word' id='word_1_18' title='bbox 978 474 1236 585; x_wconf 83' lang='lat' dir='ltr'><em>Nympbam:</em></span> 
     </span>
     <span class='ocr_line' id='line_1_4' title="bbox 141 588 1167 699; baseline -0.001 -27"><span class='ocrx_word' id='word_1_19' title='bbox 141 591 290 672; x_wconf 88' lang='lat' dir='ltr'><em>Donec</em></span> <span class='ocrx_word' id='word_1_20' title='bbox 307 593 475 671; x_wconf 86' lang='lat' dir='ltr'><em>arenosi</em></span> <span class='ocrx_word' id='word_1_21' title='bbox 483 588 701 699; x_wconf 83' lang='lat' dir='ltr'><em>placidum</em></span> <span class='ocrx_word' id='word_1_22' title='bbox 718 588 910 674; x_wconf 86' lang='lat' dir='ltr'><em>Ladonis</em></span> <span class='ocrx_word' id='word_1_23' title='bbox 927 588 990 671; x_wconf 88' lang='lat' dir='ltr'><em>ad</em></span> <span class='ocrx_word' id='word_1_24' title='bbox 1004 617 1167 671; x_wconf 89' lang='lat' dir='ltr'><em>amnem</em></span> 
     </span>
     <span class='ocr_line' id='line_1_5' title="bbox 144 701 1224 814; baseline -0.002 -25"><span class='ocrx_word' id='word_1_25' title='bbox 144 703 349 789; x_wconf 85' lang='lat' dir='ltr'><em>Venerat:</em></span> <span class='ocrx_word' id='word_1_26' title='bbox 367 703 437 785; x_wconf 82' lang='lat' dir='ltr'><em>ln⁴c</em></span> <span class='ocrx_word' id='word_1_27' title='bbox 454 703 535 799; x_wconf 73' lang='lat' dir='ltr'><em>mi,-</em></span> <span class='ocrx_word' id='word_1_28' title='bbox 554 731 720 784; x_wconf 88' lang='lat' dir='ltr'><em>cursum</em></span> <span class='ocrx_word' id='word_1_29' title='bbox 737 701 1054 814; x_wconf 82' lang='lat' dir='ltr'><em>impedientibus</em></span> <span class='ocrx_word' id='word_1_30' title='bbox 1072 702 1224 795; x_wconf 83' lang='lat' dir='ltr'><em>undis,</em></span> 
     </span>
    </p>

    <p class='ocr_par' dir='ltr' id='par_1_3' title="bbox 139 814 1338 1044">
     <span class='ocr_line' id='line_1_6' title="bbox 144 814 1143 927; baseline 0.003 -30"><span class='ocrx_word' id='word_1_31' title='bbox 144 814 203 897; x_wconf 85' lang='lat' dir='ltr'><em>Ut</em></span> <span class='ocrx_word' id='word_1_32' title='bbox 219 843 264 896; x_wconf 89' lang='lat' dir='ltr'><em>se</em></span> <span class='ocrx_word' id='word_1_33' title='bbox 281 832 510 908; x_wconf 78' lang='lat' dir='ltr'><em>mutarent,</em></span> <span class='ocrx_word' id='word_1_34' title='bbox 528 814 714 927; x_wconf 76' lang='lat' dir='ltr'><em>liquidas</em></span> <span class='ocrx_word' id='word_1_35' title='bbox 733 845 875 898; x_wconf 82' lang='lat' dir='ltr'><em>orasse</em></span> <span class='ocrx_word' id='word_1_36' title='bbox 891 844 1076 901; x_wconf 81' lang='lat' dir='ltr'><em>sorores:</em></span> <span class='ocrx_word' id='word_1_37' title='bbox 1142 864 1143 867; x_wconf 36' lang='lat'>¹</span> 
     </span>
     <span class='ocr_line' id='line_1_7' title="bbox 139 924 1338 1044; baseline 0 -34"><span class='ocrx_word' id='word_1_38' title='bbox 139 927 360 1038; x_wconf 76' lang='lat' dir='ltr'><em>Panaque,</em></span> <span class='ocrx_word' id='word_1_39' title='bbox 378 957 473 1009; x_wconf 88' lang='lat' dir='ltr'><em>cum</em></span> <span class='ocrx_word' id='word_1_40' title='bbox 485 955 679 1035; x_wconf 78' lang='lat' dir='ltr'><em>prensam</em></span> <span class='ocrx_word' id='word_1_41' title='bbox 696 931 779 1010; x_wconf 84' lang='lat' dir='ltr'><em>sibi</em></span> <span class='ocrx_word' id='word_1_42' title='bbox 782 929 878 1041; x_wconf 83' lang='lat' dir='ltr'><em>jam</em></span> <span class='ocrx_word' id='word_1_43' title='bbox 890 929 1078 1044; x_wconf 75' lang='lat' dir='ltr'><em>Syringa</em></span> <span class='ocrx_word' id='word_1_44' title='bbox 1084 944 1265 1038; x_wconf 74' lang='lat' dir='ltr'><em>putaret,</em></span> <span class='ocrx_word' id='word_1_45' title='bbox 1275 924 1338 1035; x_wconf 70' lang='lat'><em>705</em></span> 
     </span>
    </p>
   </div>
   <div class='ocr_carea' id='block_1_3' title="bbox 138 1037 1338 2276">
    <p class='ocr_par' dir='ltr' id='par_1_4' title="bbox 138 1037 1297 1380">
     <span class='ocr_line' id='line_1_8' title="bbox 143 1037 1297 1151; baseline 0.002 -28"><span class='ocrx_word' id='word_1_46' title='bbox 143 1037 320 1147; x_wconf 84' lang='lat' dir='ltr'><em>Corpore</em></span> <span class='ocrx_word' id='word_1_47' title='bbox 331 1067 409 1149; x_wconf 83' lang='lat' dir='ltr'><em>pro</em></span> <span class='ocrx_word' id='word_1_48' title='bbox 426 1040 647 1151; x_wconf 77' lang='lat' dir='ltr'><em>Nymphae</em></span> <span class='ocrx_word' id='word_1_49' title='bbox 666 1041 852 1124; x_wconf 85' lang='lat' dir='ltr'><em>calamos</em></span> <span class='ocrx_word' id='word_1_50' title='bbox 870 1058 1051 1124; x_wconf 71' lang='lat' dir='ltr'><em>tenuisse</em></span> <span class='ocrx_word' id='word_1_51' title='bbox 1063 1041 1297 1151; x_wconf 82' lang='lat' dir='ltr'><em>palustres.-</em></span> 
     </span>
     <span class='ocr_line' id='line_1_9' title="bbox 138 1151 1221 1263; baseline 0.001 -29"><span class='ocrx_word' id='word_1_52' title='bbox 138 1151 334 1262; x_wconf 73' lang='lat' dir='ltr'><em>Dumque</em></span> <span class='ocrx_word' id='word_1_53' title='bbox 351 1152 412 1232; x_wconf 91' lang='lat' dir='ltr'><em>ibi</em></span> <span class='ocrx_word' id='word_1_54' title='bbox 425 1154 626 1263; x_wconf 83' lang='lat' dir='ltr'><em>suspirat,</em></span> <span class='ocrx_word' id='word_1_55' title='bbox 644 1171 775 1237; x_wconf 87' lang='lat' dir='ltr'><em>motos</em></span> <span class='ocrx_word' id='word_1_56' title='bbox 793 1156 839 1234; x_wconf 88' lang='lat' dir='ltr'><em>in</em></span> <span class='ocrx_word' id='word_1_57' title='bbox 855 1153 1063 1236; x_wconf 85' lang='lat' dir='ltr'><em>arundine</em></span> <span class='ocrx_word' id='word_1_58' title='bbox 1081 1171 1221 1238; x_wconf 78' lang='lat' dir='ltr'><em>uentos</em></span> 
     </span>
     <span class='ocr_line' id='line_1_10' title="bbox 139 1259 1198 1380; baseline 0.005 -33"><span class='ocrx_word' id='word_1_59' title='bbox 139 1259 352 1376; x_wconf 74' lang='lat' dir='ltr'><em>Effecisse</em></span> <span class='ocrx_word' id='word_1_60' title='bbox 367 1292 513 1347; x_wconf 88' lang='lat' dir='ltr'><em>sonum</em></span> <span class='ocrx_word' id='word_1_61' title='bbox 529 1281 704 1361; x_wconf 88' lang='lat' dir='ltr'><em>tenuem,</em></span> <span class='ocrx_word' id='word_1_62' title='bbox 722 1267 975 1378; x_wconf 69' lang='lat' dir='ltr'><em>similemque</em></span> <span class='ocrx_word' id='word_1_63' title='bbox 993 1268 1181 1380; x_wconf 78' lang='lat' dir='ltr'><em>querenti</em></span> <span class='ocrx_word' id='word_1_64' title='bbox 1185 1309 1198 1352; x_wconf 93' lang='lat'><em>.·</em></span> 
     </span>
    </p>

    <p class='ocr_par' dir='ltr' id='par_1_5' title="bbox 139 1376 1200 1491">
     <span class='ocr_line' id='line_1_11' title="bbox 139 1376 1200 1491; baseline 0.002 -33"><span class='ocrx_word' id='word_1_65' title='bbox 139 1379 246 1464; x_wconf 82' lang='lat' dir='ltr'><em>Arte</em></span> <span class='ocrx_word' id='word_1_66' title='bbox 262 1376 383 1468; x_wconf 82' lang='lat' dir='ltr'><em>nood,</em></span> <span class='ocrx_word' id='word_1_67' title='bbox 401 1380 601 1491; x_wconf 77' lang='lat' dir='ltr'><em>uocisque</em></span> <span class='ocrx_word' id='word_1_68' title='bbox 618 1377 757 1460; x_wconf 90' lang='lat' dir='ltr'><em>Deum</em></span> <span class='ocrx_word' id='word_1_69' title='bbox 773 1376 996 1460; x_wconf 83' lang='lat' dir='ltr'><em>dulcedine</em></span> <span class='ocrx_word' id='word_1_70' title='bbox 1016 1397 1200 1489; x_wconf 86' lang='lat' dir='ltr'><em>captum,</em></span> 
     </span>
    </p>

    <p class='ocr_par' dir='ltr' id='par_1_6' title="bbox 140 1489 1338 1825">
     <span class='ocr_line' id='line_1_12' title="bbox 140 1489 1338 1600; baseline 0.001 -28"><span class='ocrx_word' id='word_1_71' title='bbox 140 1490 235 1572; x_wconf 90' lang='lat' dir='ltr'><em>Hoc</em></span> <span class='ocrx_word' id='word_1_72' title='bbox 251 1490 355 1570; x_wconf 88' lang='lat' dir='ltr'><em>mibi</em></span> <span class='ocrx_word' id='word_1_73' title='bbox 370 1489 592 1573; x_wconf 90' lang='lat' dir='ltr'><em>concilium</em></span> <span class='ocrx_word' id='word_1_74' title='bbox 609 1507 759 1584; x_wconf 90' lang='lat' dir='ltr'><em>tecum,</em></span> <span class='ocrx_word' id='word_1_75' title='bbox 776 1489 959 1597; x_wconf 73' lang='lat' dir='ltr'><em>dixisse⁷</em></span> <span class='ocrx_word' id='word_1_76' title='bbox 979 1494 1187 1577; x_wconf 87' lang='lat' dir='ltr'><em>manebit:</em></span> <span class='ocrx_word' id='word_1_77' title='bbox 1277 1521 1338 1600; x_wconf 84' lang='lat'><em>71&lt;</em></span> 
     </span>
     <span class='ocr_line' id='line_1_13' title="bbox 140 1600 1237 1715; baseline 0 -31"><span class='ocrx_word' id='word_1_78' title='bbox 140 1603 283 1714; x_wconf 79' lang='lat' dir='ltr'><em>Atque</em></span> <span class='ocrx_word' id='word_1_79' title='bbox 299 1601 386 1694; x_wconf 87' lang='lat' dir='ltr'><em>ita,</em></span> <span class='ocrx_word' id='word_1_80' title='bbox 405 1600 642 1712; x_wconf 83' lang='lat' dir='ltr'><em>disparibus</em></span> <span class='ocrx_word' id='word_1_81' title='bbox 660 1603 836 1686; x_wconf 83' lang='lat' dir='ltr'><em>calamis</em></span> <span class='ocrx_word' id='word_1_82' title='bbox 854 1605 1099 1715; x_wconf 79' lang='lat' dir='ltr'><em>compagine</em></span> <span class='ocrx_word' id='word_1_83' title='bbox 1118 1631 1237 1687; x_wconf 85' lang='lat' dir='ltr'><em>cerae</em></span> 
     </span>
     <span class='ocr_line' id='line_1_14' title="bbox 140 1712 1058 1825; baseline 0 -29"><span class='ocrx_word' id='word_1_84' title='bbox 140 1715 257 1796; x_wconf 89' lang='lat' dir='ltr'><em>Inter</em></span> <span class='ocrx_word' id='word_1_85' title='bbox 270 1712 504 1824; x_wconf 82' lang='lat' dir='ltr'><em>sejunctis,</em></span> <span class='ocrx_word' id='word_1_86' title='bbox 522 1745 670 1797; x_wconf 88' lang='lat' dir='ltr'><em>nomen</em></span> <span class='ocrx_word' id='word_1_87' title='bbox 688 1717 869 1797; x_wconf 87' lang='lat' dir='ltr'><em>tenuisse</em></span> <span class='ocrx_word' id='word_1_88' title='bbox 879 1716 1058 1825; x_wconf 87' lang='lat' dir='ltr'><em>puellae.</em></span> 
     </span>
    </p>

    <p class='ocr_par' dir='ltr' id='par_1_7' title="bbox 143 1823 992 1938">
     <span class='ocr_line' id='line_1_15' title="bbox 143 1823 992 1938; baseline 0.001 -30"><span class='ocrx_word' id='word_1_89' title='bbox 143 1826 268 1908; x_wconf 84' lang='lat' dir='ltr'><em>Talia</em></span> <span class='ocrx_word' id='word_1_90' title='bbox 285 1823 476 1909; x_wconf 78' lang='lat' dir='ltr'><em>dictums</em></span> <span class='ocrx_word' id='word_1_91' title='bbox 493 1827 596 1910; x_wconf 81' lang='lat' dir='ltr'><em>vidit</em></span> <span class='ocrx_word' id='word_1_92' title='bbox 616 1827 833 1938; x_wconf 87' lang='lat' dir='ltr'><em>Cyllenius</em></span> <span class='ocrx_word' id='word_1_93' title='bbox 851 1856 992 1909; x_wconf 85' lang='lat' dir='ltr'><em>omnes</em></span> 
     </span>
    </p>

    <p class='ocr_par' dir='ltr' id='par_1_8' title="bbox 140 1939 1338 2276">
     <span class='ocr_line' id='line_1_16' title="bbox 140 1939 1240 2052; baseline 0.003 -32"><span class='ocrx_word' id='word_1_94' title='bbox 140 1939 415 2021; x_wconf 84' lang='lat' dir='ltr'><em>Succubuisse</em></span> <span class='ocrx_word' id='word_1_95' title='bbox 432 1941 592 2032; x_wconf 89' lang='lat' dir='ltr'><em>oculos,</em></span> <span class='ocrx_word' id='word_1_96' title='bbox 611 1939 889 2052; x_wconf 75' lang='lat' dir='ltr'><em>adopertaque</em></span> <span class='ocrx_word' id='word_1_97' title='bbox 907 1941 1067 2021; x_wconf 86' lang='lat' dir='ltr'><em>lumina</em></span> <span class='ocrx_word' id='word_1_98' title='bbox 1083 1968 1240 2023; x_wconf 76' lang='lat' dir='ltr'><em>somno,</em></span> 
     </span>
     <span class='ocr_line' id='line_1_17' title="bbox 141 2049 1338 2165; baseline 0.003 -33"><span class='ocrx_word' id='word_1_99' title='bbox 141 2050 366 2159; x_wconf 68' lang='lat' dir='ltr'><em>Supprimit</em></span> <span class='ocrx_word' id='word_1_100' title='bbox 382 2054 590 2162; x_wconf 80' lang='lat' dir='ltr'><em>extemplo</em></span> <span class='ocrx_word' id='word_1_101' title='bbox 607 2081 744 2136; x_wconf 77' lang='lat' dir='ltr'><em>nocem</em></span> <span class='ocrx_word' id='word_1_102' title='bbox 757 2052 1010 2165; x_wconf 79' lang='lat' dir='ltr'><em>‚firmatque</em></span> <span class='ocrx_word' id='word_1_103' title='bbox 1026 2080 1231 2161; x_wconf 76' lang='lat' dir='ltr'><em>soporem,</em></span> <span class='ocrx_word' id='word_1_104' title='bbox 1275 2049 1338 2162; x_wconf 81' lang='grc' dir='ltr'><em>7ιὲ</em></span> 
     </span>
     <span class='ocr_line' id='line_1_18' title="bbox 142 2160 1198 2276; baseline 0.004 -33"><span class='ocrx_word' id='word_1_105' title='bbox 142 2160 373 2275; x_wconf 74' lang='lat' dir='ltr'><em>Langzcida</em></span> <span class='ocrx_word' id='word_1_106' title='bbox 385 2165 646 2271; x_wconf 83' lang='lat' dir='ltr'><em>permulcens</em></span> <span class='ocrx_word' id='word_1_107' title='bbox 663 2163 875 2249; x_wconf 78' lang='lat' dir='ltr'><em>med‘cata‘</em></span> <span class='ocrx_word' id='word_1_108' title='bbox 892 2164 1051 2247; x_wconf 85' lang='lat' dir='ltr'><em>lumina</em></span> <span class='ocrx_word' id='word_1_109' title='bbox 1069 2164 1198 2276; x_wconf 71' lang='lat' dir='ltr'><em>virgei.</em></span> 
     </span>
    </p>
   </div>
   <div class='ocr_carea' id='block_1_4' title="bbox 132 4202 1338 4365">
    <p class='ocr_par' dir='ltr' id='par_1_9' title="bbox 132 4202 1338 4365">
     <span class='ocr_line' id='line_1_19' title="bbox 188 4202 1338 4346; baseline 0.004 -87"><span class='ocrx_word' id='word_1_110' title='bbox 188 4224 255 4346; x_wconf 50' lang='lat'><em>17112.</em></span> <span class='ocrx_word' id='word_1_111' title='bbox 275 4202 384 4261; x_wconf 80' lang='lat' dir='ltr'><em>Nomen</em></span> <span class='ocrx_word' id='word_1_112' title='bbox 406 4207 538 4267; x_wconf 79' lang='lat' dir='ltr'><em>tenuisse.</em></span> <span class='ocrx_word' id='word_1_113' title='bbox 560 4216 663 4270; x_wconf 79' lang='lat' dir='ltr'><em>Graeci</em></span> <span class='ocrx_word' id='word_1_114' title='bbox 681 4233 803 4290; x_wconf 81' lang='lat' dir='ltr'><em>namque</em></span> <span class='ocrx_word' id='word_1_115' title='bbox 813 4214 947 4290; x_wconf 83' lang='lat' dir='ltr'><em>fistulam</em></span> <span class='ocrx_word' id='word_1_116' title='bbox 967 4217 1092 4292; x_wconf 76' lang='lat' dir='ltr'><em>Syringa</em></span> <span class='ocrx_word' id='word_1_117' title='bbox 1112 4223 1217 4271; x_wconf 84' lang='lat' dir='ltr'><em>vorant</em></span> <span class='ocrx_word' id='word_1_118' title='bbox 1235 4213 1272 4269; x_wconf 80' lang='lat' dir='ltr'><em>ab</em></span> <span class='ocrx_word' id='word_1_119' title='bbox 1289 4214 1338 4285; x_wconf 77' lang='lat' dir='ltr'><em>ipso</em></span> 
     </span>
     <span class='ocr_line' id='line_1_20' title="bbox 132 4309 238 4365; baseline 0.028 -18"><span class='ocrx_word' id='word_1_120' title='bbox 132 4309 187 4365; x_wconf 84' lang='lat' dir='ltr'><em>pne</em></span> <span class='ocrx_word' id='word_1_121' title='bbox 210 4315 238 4350; x_wconf 91' lang='lat' dir='ltr'><em>a.</em></span> 
     </span>
    </p>
   </div>
   <div class='ocr_carea' id='block_1_5' title="bbox 0 0 1508 5160">
    <p class='ocr_par' dir='ltr' id='par_1_10' title="bbox 0 0 1508 5160">
     <span class='ocr_line' id='line_1_21' title="bbox 0 0 1508 5160; baseline 0 0"><span class='ocrx_word' id='word_1_122' title='bbox 0 0 1508 5160; x_wconf 95' lang='lat' dir='ltr'><em> </em></span> 
     </span>
    </p>
   </div>
  </div>
 </body>
</html>
