3038 5154
316 177 370 265 66
660 208 695 268 1³.
716 204 1030 269 ovmnossoms

227 324 353 443 Eque
370 327 612 442 sagittz’fhrd
622 326 800 440 promsit
817 323 903 407 duo
922 325 1006 407 tela
1018 325 1218 435 pharetra

225 439 504 528 Diuersorum
523 470 711 552 operum.-
719 441 855 553 fugat
873 439 970 546 loo,
982 441 1100 549 facit
1116 439 1231 522 illud
1250 469 1458 532 notorem,-

271 554 359 637 uod
358 557 496 666 facit,
509 571 703 636 auratam
715 571 796 646 est,
809 569 849 633 et
861 551 1036 662 cuspide
1039 553 1186 666 fulget
1197 560 1330 638 acuta'
1338 599 1351 642 .·
1372 565 1455 668 47⁰

227 552 512 784 gaodfngat,
525 671 714 752 obtusztm
725 684 808 760 est,
820 684 860 748 et
873 667 994 749 nabet
1005 670 1081 750 sub
1088 664 1452 780 aruitdineplum-

222 851 226 857 .
336 785 443 868 bum.

219 893 317 977 Hoc
334 895 455 978 Deus
475 897 522 977 in
539 892 742 1004 Nymplni
758 888 945 975 Peneide
950 890 1097 1000 fixit.-
1113 908 1161 973 at
1177 893 1254 975 illo

219 1006 369 1090 Laesit
386 1009 637 1119 Apollineas
656 1005 833 1118 trajecta
846 1035 926 1115 per
940 1033 1039 1087 ossa
1056 1002 1278 1090 medullas.

216 1116 417 1203 Protinus
435 1123 545 1202 alter
559 1118 834 1230 amat1ficgit
851 1118 986 1199 altera
1005 1146 1156 1199 nomen
1172 1123 1377 1216 amantis,

213 1232 430 1315 sttoarnm
448 1234 637 1325 latebris,
655 1232 994 1341 captivarumque
1004 1232 1196 1340 ferarum
1364 1232 1448 1348 475

213 1342 411 1430 Eanm'is
425 1344 645 1461 ganniens,
663 1345 942 1457 innuptaeque
960 1344 1126 1426 aemula
1143 1344 1341 1430 Phoebes.

216 1456 337 1543 Vitta
355 1460 573 1543 coercebat
584 1457 746 1567 positos
764 1458 855 1539 sine
874 1457 966 1569 lege
984 1457 1174 1567 capillos.

212 1568 349 1653 Multi
363 1572 481 1653 illam
494 1572 667 1681 petiere:
685 1570 763 1651 illa
780 1586 981 1651 aversata
994 1586 1197 1679 petentes,

209 1683 461 1793 Impatiens,
479 1712 709 1795 expersque
728 1684 824 1776 oiri,
844 1710 1054 1764 nemorum
1072 1685 1169 1765 avia
1186 1684 1351 1766 lustrat.

210 1793 306 1881 Nea
325 1796 431 1910 quid
447 1798 636 1909 Hymen,
663 1793 769 1906 qnid
791 1796 952 1890 Amor,
980 1793 1086 1908 qaid
1108 1798 1195 1880 sint
1213 1798 1449 1895 connubia,

322 1927 454 1993 curat.
1364 1906 1446 2018 480

208 2020 340 2130 Saepe
353 2039 478 2131 pater
492 2020 629 2106 dixit:
651 2016 860 2102 Generum
878 2021 984 2102 milti
995 2019 1138 2129 ,filim
1156 2018 1281 2104 debes
1295 2065 1308 2110 .-

205 2132 337 2242 Soepe
349 2153 473 2244 poter
487 2132 624 2219 dr'ait:
641 2131 782 2214 Debes
799 2135 905 2216 rm'lti
914 2194 926 2226 ,
945 2151 1068 2227 nata,
1087 2150 1266 2246 nepotes.

206 2245 292 2333 Illa
312 2248 418 2330 velut
436 2249 593 2330 crimen
611 2243 761 2326 taedas
778 2274 914 2329 exosa
922 2246 1117 2359 jugales,

284 3755 349 3827 474.
368 3751 452 3830 Fugit
471 3751 568 3810 altera.
588 3754 689 3832 Fingit
708 3754 832 3833 oaptne
850 3756 1011 3832 Apollinem
1019 3755 1148 3835 sugere,
1168 3756 1248 3837 qnod
1266 3759 1369 3816 laurus
1390 3778 1447 3819 nm·

208 3843 289 3901 brarn
308 3855 338 3901 et
356 3864 452 3921 opaca
471 3846 537 3901 loca
556 3857 643 3904 annet.

288 3939 352 4008 477.
374 3936 453 3993 vin·
472 3939 634 3996 coercebat.
653 3938 732 3998 vina
751 3948 866 4017 tegmen
885 3950 929 3998 est
953 3944 1058 4020 sapitis
1082 3944 1226 4002 muliebre.
1248 3947 1289 4001 Et
1308 3944 1372 4001 alia
1391 3942 1448 4002 nir

206 4028 320 4103 ginone,
339 4029 401 4083 alia
422 4040 630 4088 matronarum.
644 4035 731 4095 Vitta
749 4033 898 4093 duntaxat
899 4034 1031 4111 fluentes
1048 4033 1172 4114 capillos
1191 4038 1361 4115 colligebat.
1375 4037 1446 4098 Sina

206 4113 278 4194 lege.
297 4120 365 4173 Sine
385 4119 494 4175 ordine.

278 4210 341 4279 483.
362 4208 472 4265 Taedae
491 4209 608 4288 jugales.
628 4212 762 4288 Nuptias.
780 4212 869 4273 Novis
881 4218 956 4275 enim
976 4220 1076 4293 nuptis
1095 4216 1322 4298 quinquefaaas
1341 4237 1444 4278 accat·

205 4311 258 4353 sae
275 4297 532 4376 praeferebantur,
552 4310 584 4360 nt
603 4301 780 4363 elstannus
797 4307 897 4366 scribit
915 4311 947 4367 in
962 4307 1160 4385 manans.
